3759 5425
896 1248 1153 1310 Charta
1198 1246 1279 1308 de
1328 1244 1650 1324 libertate,
1694 1266 1892 1328 quam
1942 1246 2073 1308 Ina
2135 1246 2278 1309 Rex
2328 1248 2605 1309 contulit
2652 1247 2980 1311 Aedloelnw

962 1345 1258 1426 Pae-ruli,
1290 1355 1353 1410 et
1389 1348 1698 1410 Ecclesiis
1726 1345 1841 1409 cub
1869 1346 2158 1430 ejusdem
2191 1349 2506 1429 reqimine
2535 1351 2921 1411 constitutis.

1073 1577 1142 1637 Q
1225 1557 1339 1600 ..a-e.
1638 1577 1678 1625 -,
1889 1529 1953 1592 Ν
1994 1530 2259 1591 nomine
2299 1528 2570 1593 Domini
2616 1530 2745 1594 Dei
2783 1536 2981 1597 nostri

1017 1597 1201 1693 ⁴3ssss
1247 1695 1250 1697 ,
1301 1621 1357 1720 {j
1378 1565 1741 1743 {eff
1630 1665 1782 1721 ,μμ-,ι
1891 1629 2257 1693 Salvatoris.
2329 1631 2477 1712 Ego
2508 1632 2654 1709 Ina,
2674 1647 2980 1715 regnante

1301 1721 1370 1811 “·ἓιῤ,
1433 1714 1494 1809 (¹
1582 1723 1694 1855 ass}
1701 1769 1830 1818 ff
1892 1731 2175 1794 Domino
2256 1718 2428 1806 Rex,
2487 1753 2635 1795 cum
2711 1735 2981 1798 consilio

1408 2013 1409 2022 ἵ
1559 1897 1832 2022 ’Ἠῗίῗῖὴ
1884 1931 2104 2010 helmi,
2197 1932 2513 2016 simulque
2606 1947 2982 2002 cunctorum

1361 2099 1393 2108 Ἡ
1442 2102 1447 2126 ‚
1492 2030 1618 2122 ί·ᾗῇ
1674 2042 1798 2112 ι,
1774 1977 1839 2114 (ἵ,
1888 2031 2016 2095 Dei
2075 2033 2492 2097 Sacerdotum
2551 2040 2984 2119 suggestione,

1057 2197 1061 2208 ,
1183 2207 1185 2209 ,
1245 2111 1282 2230 ’ξ
1345 2166 1346 2175 ¹
1442 2153 1446 2199 ;
1483 2156 1490 2157 ’
1539 2122 1847 2298 ,ΙζῖἷῖζῖκζὶἱΪὲὓ
1886 2144 1950 2197 et
1997 2134 2452 2197 monachorum
2496 2137 2833 2218 petitione,
2877 2145 2988 2227 qui

989 2301 998 2310 ,
1085 2226 1117 2299 ”J
1153 2293 1169 2324 ,Ι
1215 2258 1243 2286 1»
1321 2234 1371 2319 ἐξ
1677 2269 1847 2380 “s-U(
1882 2234 1953 2296 in
1994 2234 2302 2315 parochia
2344 2234 2676 2300 Saxonum
2724 2261 2990 2306 conver-

1606 2338 1610 2346 '
1889 2347 2128 2412 santur,
2157 2336 2327 2400 hanc
2355 2336 2718 2402 libertatem
2748 2342 2985 2408 Eccle-

1888 2435 2003 2500 siis
2022 2435 2351 2519 impend0,
2376 2449 2441 2500 et
2467 2438 2637 2503 hanc
2660 2442 2990 2528 privilegii

891 2548 1264 2632 dignitatem
1338 2541 1740 2610 monasteriis
1797 2538 2094 2603 confero:
2169 2549 2240 2602 ut
2312 2539 2449 2602 sine
2525 2540 2987 2626 impedimento

889 2652 1292 2718 saecularium
1320 2667 1551 2726 rerum,
1573 2656 1637 2709 et
1665 2645 1911 2728 absque
1945 2642 2184 2705 tributo
2215 2641 2529 2705 fiscalium
2557 2648 2989 2730 negotiorum,

886 2755 1106 2818 liberis
1135 2752 1457 2817 mentibus
1487 2751 1632 2812 Deo
1677 2746 1799 2810 soli
1829 2745 2125 2821 serviant,
2156 2753 2223 2807 et
2257 2748 2674 2810 monasticam
2706 2753 2986 2815 oaenobii

890 2853 1318 2938 disciplinam,
1366 2851 1628 2916 Christo
1668 2845 2038 2926 suffragium
2084 2844 2412 2926 largiente,
2450 2849 2823 2929 regulariter
2868 2875 2982 2916 ex-

890 2961 1187 3017 erceant:
1262 2972 1338 3016 ac
1397 2971 1517 3032 pro
1577 2958 1743 3012 statu
1803 2953 1870 3008 et
1926 2945 2342 3029 prosperitate
2401 2948 2578 3028 regni
2636 2953 2860 3030 nostri,
2917 2967 2986 3018 et

884 3051 1285 3132 indulgentia
1354 3049 1837 3113 commissorum
1911 3045 2269 3123 criminum,
2339 3058 2487 3110 ante
2559 3065 2980 3135 conspectum

890 3152 1122 3217 divinae
1152 3149 1524 3233 majestatis,
1555 3170 1781 3233 preces
1809 3148 2076 3211 fundere
2106 3146 2482 3234 dignentur-2
2528 3161 2593 3215 et
2623 3156 2978 3221 orationum

888 3251 1103 3317 officia
1158 3251 1663 3335 frequentantes,
1709 3250 1777 3313 in
1821 3247 2141 3313 Ecclesiis
2198 3271 2315 3331 pro
2373 3265 2590 3316 nostra
2647 3255 2981 3337 fragilitate

888 3353 1287 3438 interpellare
1329 3351 1632 3416 nitantur.
1723 3350 1795 3413 Si
1835 3349 1982 3434 quis
2033 3370 2180 3413 vero
2234 3361 2456 3415 contra
2496 3353 2686 3436 hujus
2741 3356 2979 3424 decreti

888 3455 1324 3540 syngrapham
1381 3453 1595 3516 venire
1666 3451 2022 3529 tentaverit,
2079 3451 2241 3515 sciat
2307 3473 2375 3515 se
2447 3474 2663 3517 coram
2722 3456 2980 3525 Christo

888 3578 1245 3641 novemque
1303 3555 1695 3638 Angelorum
1755 3552 2105 3629 ordinibus,
2164 3553 2231 3615 in
2290 3555 2620 3618 tremendo
2678 3563 2979 3626 examine

887 3659 1200 3724 rationem
1227 3656 1642 3722 redditurum.
1729 3654 1879 3718 Hoc
1903 3674 2048 3716 vero
2073 3653 2418 3733 decretum,
2437 3677 2476 3719 a
2503 3657 2693 3720 nobis
2710 3660 2983 3728 libenter

887 3782 1286 3839 concessum,
1314 3758 1524 3823 taliter
1552 3756 1915 3821 confirmari
1945 3766 2011 3819 et
2039 3757 2273 3818 servari
2304 3755 2728 3837 decernimus,
2749 3772 2823 3826 ut
2850 3776 2980 3829 tam

885 3861 1097 3937 nobis,
1144 3861 1273 3923 vita
1308 3858 1563 3936 comite,
1601 3857 1882 3942 propitia
1923 3857 2277 3935 divinitate,
2320 3857 2502 3939 regni
2548 3860 2982 3940 gubernacula

887 3961 1271 4044 regentibus,
1300 3958 1733 4024 inextricabili
1762 3959 1905 4041 lege
1935 3957 2195 4022 firmiter
2220 3958 2568 4023 roboretur.
2659 3961 2830 4026 Nam
2860 3986 2979 4048 pro

886 4061 1177 4146 ampliori
1235 4059 1555 4123 firmitatis
1627 4068 2029 4136 testamento,
2086 4056 2422 4142 Principes
2494 4070 2561 4123 et
2618 4061 2980 4146 Senatores,

882 4161 1150 4227 Judices
1196 4172 1262 4224 et
1303 4159 1614 4223 Patricios
1654 4158 2055 4222 subscribere
2090 4158 2380 4238 fecimus,
2412 4180 2678 4242 quorum
2719 4167 2981 4230 nomina

884 4265 1047 4326 infra
1072 4272 1366 4325 tenentur
1395 4259 1736 4344 adscripta.

972 4364 1205 4426 Actum
1245 4361 1508 4446 publice
1552 4370 1617 4423 et
1655 4359 2098 4424 confirmatum
2143 4360 2206 4422 in
2254 4361 2422 4438 loco,
2460 4363 2569 4446 qui
2619 4367 2979 4447 appellatur

884 4464 1343 4542 Eburleaugh3
1418 4463 1692 4543 septima
1752 4463 2186 4527 Kalendarum
2246 4465 2578 4529 Juniarum
2640 4465 2742 4530 die
2762 4492 2781 4541 3
2866 4469 2976 4532 In·

1125 2451 1137 2466 1
1333 2466 1349 2478 ὓ
1398 2478 1414 2498 Ρ
1479 2449 1485 2454 ’
