3759 5425
637 768 791 815 errsroua
807 770 850 813 nn
866 770 1041 830 acrurrurr,
1056 768 1128 814 nro.
1345 752 1409 813 809

350 919 535 999 ingenium,
545 920 717 1005 judicium,
727 922 903 999 arbitrium,
915 920 1097 1005 imperium,
1107 922 1288 998 solstitium,
1297 920 1407 1004 hospi·

351 1021 447 1084 tium.
493 1024 575 1086 Item
596 1024 750 1102 caelicola,
766 1024 916 1106 agricola,
932 1023 1136 1101 christicola,
1151 1023 1298 1100 ruricola,
1312 1022 1408 1087 Phoe-

348 1123 480 1203 bigena,
495 1124 689 1209 Trojugena,
706 1126 899 1208 Graiugena,
914 1124 1075 1207 folligena,
1089 1125 1263 1206 nubigena,
1278 1126 1341 1189 hoc
1357 1134 1406 1189 est

351 1234 535 1303 centaurus,
549 1235 586 1288 ut
601 1225 770 1289 Lucanus:

775 1307 911 1362 Ixionidas
923 1310 1068 1363 Centauros

530 1392 608 1445 Foeta
620 1392 788 1447 Peliihrouiis
799 1394 882 1447 nubes
893 1394 1009 1447 effimdet
1019 1395 1047 1445 in
1058 1396 1135 1447 orris.

397 1480 440 1543 D.
463 1482 517 1545 Da
536 1482 660 1564 regulas
677 1483 949 1545 verborum-M.
972 1482 1161 1560 Sanctifico,
1176 1480 1313 1560 aedifico,
1328 1483 1405 1545 vivi-

350 1582 427 1658 fico,
442 1582 595 1658 clarifico,
611 1582 766 1666 glorifico,
783 1583 969 1666 magnificO,
984 1583 1147 1660 mellifico,
1163 1582 1309 1659 mirifico,
1324 1584 1405 1647 laeti-

351 1683 435 1757 fico;
456 1683 622 1761 testificor,
638 1682 797 1761 ludificor,
811 1685 977 1767 polliceor,
989 1685 1156 1761 confiteor,
1167 1685 1317 1759 auxilior,
1332 1708 1404 1771 pro-

352 1784 491 1865 gredior,
514 1784 702 1870 adstipulor,
726 1787 897 1870 appretior,
923 1787 1060 1862 intueor,
1088 1799 1252 1867 contueor,
1276 1787 1404 1868 irradio,

351 1884 525 1962 discrucio,
551 1885 694 1967 invigilo,
719 1888 935 1969 conglomero,
966 1887 1089 1965 inficio,
1116 1887 1262 1970 perficio,
1287 1887 1404 1964 efficio,

351 1986 471 2062 afficio,
493 1987 629 2064 sufficio,
651 1987 771 2065 officio,
794 1987 945 2065 conficio,
967 1989 1029 2065 cio,
1049 1988 1208 2067 interimo,
1230 1990 1403 2073 comperio,

352 2084 499 2167 advenio,
508 2087 905 2176 invenio,deripio,c1ipio‚
914 2092 1057 2166 invideo,
1066 2090 1403 2171 admoneo,contineo‚

351 2210 552 2269 commoneo,
571 2190 705 2267 edoceo,
724 2192 887 2275 confligio,
908 2193 1039 2275 effugio,
1058 2193 1234 2272 ingemino,
1248 2192 1403 2278 dilapido,

351 2292 501 2377 dispolio,
522 2315 654 2372 evacuo,
678 2316 864 2374 annumero,
886 2316 1057 2380 exsupero,
1079 2296 1241 2373 assimulo,
1263 2317 1402 2361 comme·

351 2417 451 2472 moro,
473 2416 608 2473 exacuo,
631 2397 780 2476 retribuo,
802 2397 973 2475 constituo,
995 2397 1140 2474 instituo,
1161 2398 1304 2475 restituo,
1327 2421 1403 2462 con·

352 2498 460 2579 cupio,
472 2496 609 2582 desipio,
624 2499 767 2577 excorio,
783 2499 939 2577 febricito,
956 2498 1085 2577 effodio,
1097 2497 1255 2577 delacero,
1266 2498 1403 2578 delanio,

352 2600 469 2677 esurio,
484 2600 646 2663 mellifico.
693 2602 744 2663 Ita
758 2599 911 2681 Virgilius
925 2600 958 2661 in
974 2598 1145 2662 tetrasticis
1159 2599 1387 2664 theatralibus:

492 2705 536 2758 Sic
548 2723 593 2758 ros
605 2723 656 2758 non
668 2705 741 2759 robis
753 2703 910 2758 mellificatis
922 2721 999 2776 apes3

352 2800 520 2882 degenero,
536 2803 699 2881 abbrevio,
713 2801 896 2886 suppedito,
911 2799 1119 2885 quadripedo.
1164 2800 1337 2883 Virgilius:

492 2907 707 2980 Quadripadaute
718 2911 820 2978 putrem
833 2923 907 2960 cursu
920 2907 1004 2975 quatit
1014 2905 1113 2974 ungula
1124 2924 1251 2978 campum.

396 3002 440 3065 D.
464 3005 536 3076 Quo
551 3014 648 3087 pacto
664 3025 768 3088 quare
783 3006 905 3068 ratione
924 3003 1079 3068 dividitur
1096 3027 1192 3089 paeon
1212 3004 1335 3089 primus
1344 3006 1402 3071 l-

352 3107 399 3170 M.
433 3105 589 3190 Sescupla
613 3106 772 3170 divisione
799 3107 967 3184 dirimitur,
992 3107 1068 3170 dum
1094 3119 1180 3172 caret
1202 3130 1295 3194 aequa
1320 3111 1401 3176 divi-

354 3209 453 3272 sionis
468 3209 578 3290 regula
593 3218 626 3272 et
640 3207 740 3291 dupla
754 3217 786 3273 et
799 3209 902 3292 tripla.

396 3312 439 3375 D.
462 3311 549 3384 Quot
564 3319 706 3394 tempora
720 3311 902 3375 moderatur
916 3312 996 3374 arsis
1011 3319 1067 3374 aut
1081 3311 1179 3375 thesis
1185 3310 1290 3376 l-M.
1314 3315 1404 3381 Arsis

353 3413 447 3476 trium
476 3421 656 3494 temporum
686 3411 878 3485 dominatur,
903 3411 1003 3475 thesis
1034 3411 1181 3488 duorum,
1205 3413 1284 3495 qrria
1313 3423 1401 3480 ante·

352 3512 527 3597 penultima
542 3522 637 3575 acuto
651 3513 806 3595 profertur
821 3521 965 3575 accentu.

705 3613 757 3676 De
771 3611 890 3674 Paeoue
903 3611 1050 3673 samario.

395 3713 437 3776 D.
470 3717 523 3779 Da
552 3717 682 3780 nomina
707 3713 748 3778 ad
773 3735 921 3797 paeonem
948 3713 1127 3778 secundum
1156 3714 1402 3797 pertinentia.—

352 3819 399 3881 M.
437 3818 594 3896 Potentia,
630 3818 818 3901 frequentia,
851 3817 989 3894 colonia,
1022 3817 1201 3898 crepacula,
1233 3819 1402 3898 novacula,

353 3919 524 3994 sororcula,
553 3917 692 3996 diecula,
721 3915 925 3994 domuncula,
949 3917 1133 3998 laguncula,
1161 3918 1313 4001 puellula,
1343 3920 1401 3983 bo·

353 4021 451 4097 noria,
465 4040 633 4104 puerpera,
647 4019 834 4103 pecuscula.
880 4019 927 4081 Ut
940 4020 1125 4082 Juvencus:

640 4115 742 4170 foveam
754 4117 777 4168 si
788 4114 856 4170 sorte
867 4115 1006 4189 pecuscula
1014 4121 1101 4170 restra

493 4185 634 4239 luriderit:

354 4277 425 4339 item
455 4276 654 4357 lepusculus,
675 4274 888 4359 pedunculus,
911 4275 1126 4338 homunculus
1148 4277 1198 4338 rel
1226 4275 1400 4340 homuncio

354 4379 401 4442 vel
427 4379 623 4441 homullulus
646 4387 701 4442 aot
725 4378 904 4454 homullus;
935 4388 970 4441 ut
995 4377 1129 4440 Cicero:
1162 4377 1337 4441 Homullus
1358 4400 1401 4442 ex

356 4478 463 4560 argilla
498 4488 530 4540 et
564 4478 633 4541 luto
669 4477 774 4566 fictus.
842 4477 1015 4539 Homullus
1052 4476 1094 4539 ad
1136 4478 1401 4561 amphibrachum

354 4580 498 4663 pertinet.
561 4578 650 4642 Solet
686 4578 782 4642 etiam
817 4599 910 4661 paeon
948 4577 1111 4642 secundus
1146 4601 1166 4642 a
1200 4581 1403 4663 superlativis
