3759 5425
664 719 817 765 srrsrour
832 719 875 765 an
889 716 1065 777 scrccrurr,
1080 716 1152 762 rrc.
1362 700 1426 759 tto

374 873 540 956 temporis,
562 880 737 953 augmento
759 872 846 938 velut
868 882 1091 935 momentanee
1116 868 1256 950 hexagio
1277 868 1426 950 sescupla

375 992 529 1056 superans
563 971 798 1057 praeponderat,
829 974 975 1056 quamvis
1009 972 1108 1055 dupla
1141 971 1270 1053 gemino
1304 977 1427 1033 anneta
1455 980 1466 1003 ·

376 1082 518 1157 tempore
540 1074 676 1138 eandem
699 1075 880 1157 sescuplam
901 1073 1074 1158 praecellat.
1119 1072 1271 1155 Denique
1293 1068 1335 1134 ad
1350 1090 1425 1134 ean·

377 1172 452 1238 dem
465 1176 634 1259 pertinent
655 1177 835 1260 sescuplam
858 1176 892 1239 hi
915 1186 1039 1259 septem
1060 1172 1171 1258 pedes,
1188 1172 1355 1249 bacchius,
1368 1190 1425 1253 pa·

378 1276 603 1354 limbacchius,
619 1278 846 1361 amphimacer,
861 1287 894 1341 ct
906 1298 1039 1360 paeones
1053 1277 1113 1339 IV.

421 1379 463 1441 D.
488 1380 561 1451 Quo
578 1388 763 1460 argumento
779 1378 935 1462 quibusve
946 1378 1076 1443 iudiciis
1090 1376 1200 1458 colligi
1213 1382 1427 1460 qucstntrnm

375 1477 417 1543 ad
440 1480 525 1544 arsin
554 1502 594 1544 an
620 1480 662 1543 ad
687 1479 793 1544 thesin
819 1480 913 1562 plura
937 1490 1083 1563 tempora
1107 1473 1425 1542 conferanturl-M.

378 1582 500 1647 Omnes
515 1582 648 1665 syllabae
669 1591 736 1644 tam
757 1580 925 1644 nominum
941 1602 1036 1664 quam
1054 1579 1233 1656 verborum,
1246 1596 1305 1639 scu
1318 1572 1425 1658 cujus·

376 1681 457 1745 libet
471 1681 583 1766 partis,
595 1703 615 1744 a
629 1681 707 1756 fine,
722 1702 787 1744 non
803 1680 974 1765 principio,
985 1689 1208 1745 numerantur:
1233 1686 1428 1763 quapropter

377 1790 522 1866 tempora
536 1782 571 1845 in
586 1782 648 1845 arsi
663 1797 696 1845 ct
709 1782 791 1845 thesi
806 1782 994 1845 accentibus
1008 1780 1241 1860 discernuntur,
1257 1780 1311 1865 qui
1325 1778 1427 1843 tribus

378 1885 522 1947 locorum
546 1884 703 1949 limitibus
727 1883 930 1960 clauduntur,
955 1884 991 1948 id
1016 1894 1065 1948 est
1088 1883 1213 1961 ultimo,
1238 1881 1427 1966 penultimo,

380 1986 640 2069 antepenultimo.
680 1986 763 2049 Nam
774 1986 1026 2069 antepenultima
1034 1984 1167 2063 acuitur,
1179 2004 1251 2069 quae
1262 2000 1428 2066 nunquam

379 2084 647 2151 circumflectitur.
692 2088 732 2149 Iu
748 2086 807 2150 arsi
823 2088 915 2169 plura
931 2096 1144 2170 supputantur
1154 2096 1316 2169 tempora;
1339 2079 1428 2167 quod

380 2184 407 2246 si
422 2187 599 2268 penultima
619 2196 714 2251 acuto
737 2197 792 2250 aut
813 2186 1023 2250 circumflexo
1044 2196 1181 2249 accentu
1194 2182 1428 2269 pronuntiatur,

379 2286 478 2351 thesis
506 2290 684 2354 uberiorem
714 2299 893 2373 temporum
923 2289 1166 2352 calculationem
1196 2305 1428 2369 praeoccupans

379 2390 555 2472 usurpabit.

422 2490 465 2552 D.
487 2491 560 2554 Jam
589 2511 676 2554 nunc
706 2494 927 2575 exemplorum
957 2492 1108 2555 formulas
1134 2488 1176 2554 ad
1205 2486 1425 2573 pyrrhichium

379 2591 496 2675 pedem
522 2592 719 2674 pertinentes
744 2592 907 2655 inhianter
928 2601 1041 2675 satago
1056 2590 1178 2669 audire,
1193 2599 1225 2652 ct
1249 2586 1426 2671 pracsertim

379 2713 423 2756 ex
433 2690 665 2774 principalibus
675 2692 855 2757 orationum
863 2692 1019 2777 partibus,
1029 2688 1064 2754 id
1078 2699 1128 2754 cst
1137 2687 1278 2752 nominis
1292 2695 1326 2752 ct
1338 2685 1427 2750 verbi

379 2792 491 2872 regula
506 2794 777 2874 congestas—M.
801 2793 885 2856 Haec
900 2803 976 2856 sunt
994 2793 1126 2856 nomina
1148 2813 1222 2876 quae
1245 2789 1427 2854 multiformi

381 2893 524 2978 quinque
541 2892 791 2956 declinationum
804 2892 912 2958 radice
934 2894 1031 2974 vulgo
1052 2893 1228 2976 pullulasse
1242 2898 1429 2966 noscuntur,

380 3002 417 3056 ut
436 2993 539 3070 Deua,
555 2993 664 3068 decus,
678 2993 762 3077 pius,
778 3014 889 3074 genus,
908 3015 1020 3078 pecus,
1035 2995 1150 3071 bonus,
1164 2993 1290 3071 modus,
1304 2993 1429 3068 domus,

379 3095 487 3176 lupus,
501 3094 605 3176 lepus,
626 3095 721 3171 latus,
744 3094 871 3173 chorus,
894 3115 1020 3174 crocus,
1040 3106 1139 3175 torus,
1160 3094 1303 3173 Qubus,
1324 3094 1429 3171 dolus,

381 3215 506 3273 nemus,
534 3213 647 3272 novus,
677 3194 794 3269 scelus,
824 3214 917 3279 opus,
945 3197 1048 3274 locus,
1074 3217 1188 3280 equus,
1212 3197 1316 3275 cibus,
1344 3217 1427 3273 reus,

381 3315 501 3372 comes,
516 3293 625 3369 Ceres,
640 3315 744 3377 seges,
760 3315 847 3373 acus,
861 3317 985 3361 manus.
1029 3298 1150 3376 Malus,
1165 3298 1193 3360 si
1206 3316 1345 3380 nequam
1365 3297 1429 3377 sig·

380 3396 511 3460 nificare
536 3395 706 3472 videbitur,
736 3417 778 3460 ex
808 3397 935 3462 duobus
964 3399 1114 3462 brevibus
1143 3406 1279 3472 constat,
1308 3408 1340 3460 st
1368 3396 1429 3459 crit

379 3496 600 3580 pyrrhichius:
622 3509 659 3560 ut
674 3508 723 3562 est
736 3499 848 3562 ctiam:

521 3591 571 3647 Ille
584 3593 667 3648 malus
680 3593 800 3648 Calabris
813 3611 900 3648 errans
911 3596 938 3647 in
950 3594 1061 3649 salubus
1071 3596 1173 3663 angliis.

381 3691 413 3744 st
426 3680 460 3744 in
476 3680 662 3747 Bucolicis:

663 3787 692 3834 ut
703 3797 736 3834 nc
748 3781 831 3835 malus
843 3779 952 3834 abstulit
963 3784 1047 3834 errorl

383 3869 443 3932 Ast
456 3887 532 3930 vcro
547 3868 575 3931 si
597 3870 702 3933 malus
716 3871 807 3934 navis
821 3871 925 3948 fuerit,
940 3872 994 3935 cui
1017 3881 1227 3936 antennarum
1249 3871 1382 3935 carbasa
1396 3883 1429 3936 et

378 3964 530 4031 rudentes
555 3965 779 4047 adnectuntur,
803 3969 845 4034 ad
869 3972 1001 4035 trochaei
1025 3973 1167 4054 regulam
1196 3970 1358 4054 redigitur,
1383 3993 1427 4036 sx

379 4068 476 4150 longa
490 4078 523 4131 et
537 4069 639 4132 brevi:
663 4080 699 4134 ut
713 4071 866 4154 Virgilius
880 4071 963 4136 libro
978 4074 1018 4134 V.
1033 4073 1204 4138 AEneidos:

520 4165 601 4229 Qucis
609 4164 725 4240 (inquit)
736 4168 834 4221 innexa
844 4167 938 4239 perlem
949 4169 1017 4222 malo
1028 4169 1160 4240 pendebat
1170 4169 1204 4223 ab
1215 4168 1279 4224 alto.

423 4251 561 4316 Necnon
578 4255 675 4318 ctiam
697 4257 811 4335 malus,
828 4255 855 4318 si
870 4257 964 4320 arbor
977 4257 1140 4322 fructifera
1158 4258 1261 4337 fucrit,
1276 4278 1348 4342 qua
1361 4279 1430 4323 me·

380 4354 478 4418 larius
492 4367 635 4435 vocatur,
650 4376 767 4440 genere
790 4356 968 4432 soeminino,
981 4356 1024 4420 ad
1047 4358 1221 4423 trocbaeum
1236 4360 1427 4443 pertinebit;

384 4467 419 4519 ut
432 4455 467 4518 in
483 4456 664 4539 Georgicis:

520 4554 556 4606 nt
567 4553 669 4608 steriles
678 4554 777 4628 platani
789 4554 872 4608 rnslos
883 4571 989 4691 gepsers
1001 4555 1124 4611 edentes.

878 4645 899 4688 Τ
