3759 5425
694 755 736 800 DE
754 757 918 803 mantuus
932 759 1114 806 VlRGlNUM.

474 904 633 971 Plecteret
647 920 702 973 aut
717 921 825 974 sontes
841 911 1033 975 crudescens
1048 913 1127 976 ultio
1143 927 1246 991 natea,

474 1005 598 1070 Acriter
611 1008 733 1073 idcirco
748 1010 867 1073 exarsit
882 1011 1023 1075 vindicta
1039 1016 1196 1077 tonantis:

477 1107 644 1179 Quatenus
659 1132 732 1174 arca
748 1112 809 1174 Dei
825 1111 902 1175 dirae
916 1125 990 1197 post
1005 1114 1115 1178 funera
1130 1117 1252 1198 stragis

479 1208 588 1273 Ducta
600 1233 658 1294 per
672 1214 798 1276 Azoton
811 1214 1014 1278 simulacrum
1027 1225 1179 1280 sterneret
1191 1218 1304 1279 altum:

475 1310 568 1407 Tunc
585 1315 649 1376 ruit
663 1314 697 1376 in
711 1315 844 1378 frontem
860 1317 1024 1379 confracto
1039 1317 1162 1401 poplite
1180 1318 1307 1398 Dagon,

475 1411 519 1475 Et
534 1424 633 1497 capnt
647 1415 812 1479 infandum
828 1418 972 1481 maestos
987 1419 1124 1502 liquerat
1139 1429 1235 1496 artus,

475 1513 571 1585 Quod
586 1517 710 1580 vulsum
727 1539 769 1581 ex
785 1519 926 1583 humeris
941 1519 1028 1583 cives
1042 1520 1076 1582 in
1091 1520 1200 1582 limine
1215 1529 1359 1583 cernunt.

476 1617 598 1680 Aurora
612 1619 646 1680 in
662 1620 755 1682 sulris
768 1619 845 1683 durn
859 1622 946 1685 luxit
958 1622 1047 1684 lutea
1061 1621 1154 1704 bigis,

476 1716 520 1779 Et
534 1739 684 1783 croceum
694 1722 793 1806 jubar
806 1723 837 1785 in
854 1721 1008 1806 quadrum
1026 1724 1209 1787 flavesceret
1224 1724 1345 1800 orbem,

478 1818 524 1881 Ac
539 1840 649 1884 roseos
662 1824 783 1905 patulis
796 1822 904 1886 radios
918 1822 1099 1888 infunderet
1113 1826 1207 1900 arvis,

478 1919 641 2006 Spinaque
655 1945 729 1986 cum
745 1936 858 1988 trunca
872 1925 1084 1988 membrorum
1100 1934 1189 2010 parte
1201 1927 1362 2004 remansit,

476 2021 576 2084 Haud
592 2045 686 2087 secus
699 2026 732 2086 in
748 2025 852 2103 divos,
867 2047 1002 2109 quorum
1019 2037 1143 2090 cassata
1158 2036 1310 2110 potestas,

475 2122 525 2186 Ad
540 2126 675 2189 fundum
691 2127 819 2207 cecidit,
834 2128 924 2191 saevit
938 2139 1087 2210 regnator
1101 2129 1238 2212 olympi:

475 2225 604 2308 Expers
619 2239 655 2290 nt
669 2229 776 2291 nullus
791 2227 853 2290 diri
868 2229 1061 2293 discriminis
1076 2239 1170 2304 esset,

475 2326 543 2390 Ceu
559 2330 634 2410 styli
649 2331 749 2393 series
763 2330 912 2413 praesenti
927 2342 1101 2413 grammate
1116 2329 1240 2412 pandit,

476 2426 529 2490 Sic
546 2449 675 2512 quoque
691 2441 779 2512 terga
792 2428 881 2494 dedit
895 2441 1019 2495 cassato
1035 2431 1168 2494 numine
1184 2431 1337 2494 Phoebus.

476 2529 539 2601 Qui
555 2531 613 2593 suit
626 2531 755 2594 infausti
770 2532 898 2595 Saturni
914 2530 1000 2595 lilius
1015 2544 1117 2608 atrox,

473 2631 599 2715 Jupiter
612 2633 774 2715 ingentem
790 2655 885 2719 quem
899 2642 1057 2718 pompant
1071 2632 1212 2696 carmina
1228 2643 1345 2712 ratum,

477 2735 541 2797 Hic
556 2736 657 2819 patris
671 2737 854 2819 imperium,
868 2735 955 2820 qnod
972 2737 1075 2799 santur
1090 2736 1245 2816 opuscula
1259 2734 1365 2817 prisca

476 2835 592 2900 Contra
606 2848 752 2901 naturam
768 2840 861 2922 pulso
877 2838 1020 2921 spadone
1036 2835 1185 2920 capessit,

477 2939 559 3001 Tum
576 2940 670 3003 miser
684 2941 718 3003 in
734 2941 828 3004 Latio
843 2940 984 3023 demptis
997 2937 1192 3022 genitalibus
1208 2939 1285 3001 exul

477 3041 621 3118 Delituit,
635 3043 702 3104 nati
718 3043 822 3105 vitans
837 3040 1009 3105 discrimen
1024 3040 1142 3104 acerbi.

479 3142 546 3205 Nec
564 3144 680 3205 Pluton
696 3142 838 3225 prodest,
852 3143 907 3226 qui
922 3142 1010 3207 tetris
1026 3152 1140 3206 tartara
1155 3144 1290 3226 sceptris

480 3243 588 3321 Rexit,
603 3255 636 3306 et
648 3243 765 3305 inferni
781 3244 868 3306 surra
881 3244 1025 3325 regnavit
1039 3244 1070 3305 in
1088 3244 1178 3307 aula:

476 3343 540 3407 Hic
557 3342 682 3406 Cereris
696 3344 841 3406 sobolem
855 3342 1017 3423 nigrantes
1033 3344 1119 3408 rexit
1133 3342 1174 3407 ad
1191 3346 1329 3407 umbras.

478 3445 542 3508 Sed
558 3444 668 3527 regina
683 3444 774 3528 sequi
789 3454 921 3507 matrem
936 3444 1127 3529 Proserpina
1141 3446 1226 3507 nolle

476 3546 589 3611 Fertur
600 3547 635 3610 in
651 3547 792 3631 antiquis
806 3547 919 3609 falsato
934 3558 1106 3629 grammate
1122 3546 1230 3609 biblis.

474 3650 544 3713 Nec
559 3649 628 3713 Pan
645 3648 801 3724 Arcadiae,
816 3669 910 3733 quem
926 3670 1007 3729 gens
1022 3649 1100 3711 colit
1114 3657 1189 3710 exta
1202 3646 1336 3725 litando,

473 3751 614 3814 Plurima
629 3749 707 3813 dnm
721 3751 858 3813 verubus
872 3751 1011 3813 torrebat
1026 3750 1147 3812 viscera
1161 3748 1308 3825 flammis,

477 3853 622 3917 Contulit
635 3852 790 3917 auxilium
805 3853 870 3916 sani
885 3850 1070 3915 fundamine
1085 3850 1193 3913 fracto.

473 3951 630 4015 Machina
644 3952 733 4013 celsa
746 3952 845 4028 labat,
859 3950 936 4013 dum
953 3949 1093 4015 culmina
1108 3948 1207 4012 fracta
1220 3948 1382 4013 fatiscunt.

474 4052 543 4115 Nec
559 4051 632 4132 glos
644 4052 827 4115 lentescens
837 4071 999 4113 murorum
1016 4050 1134 4113 moenia
1148 4049 1270 4132 pangit,

475 4152 546 4215 Nec
562 4150 661 4215 durus
675 4152 828 4234 scopulus
843 4151 942 4215 calcis
957 4172 1112 4235 compage
1127 4150 1316 4234 quadratur:

475 4253 528 4318 Sic
546 4253 640 4317 simul
656 4252 812 4316 exhausta
826 4264 967 4316 vetemm
984 4251 1096 4315 virtute
1113 4250 1255 4329 deorum,

473 4355 610 4438 Insuper
624 4364 795 4435 augustum
810 4364 960 4437 quassata
974 4353 1057 4415 mole
1073 4352 1225 4416 sacellum

474 4454 580 4518 Dimit
593 4456 628 4518 in
644 4456 785 4518 cinerem
802 4453 920 4517 vindex
936 4472 1071 4517 censura
1085 4453 1238 4533 tonantis;

477 4557 523 4619 Ut
534 4556 689 4639 precibus
703 4562 822 4639 martyr
837 4556 974 4638 supplex
990 4574 1063 4619 curn
1076 4576 1155 4619 voce
1171 4556 1331 4640 poposcit,
