3759 5425
711 747 932 794 nnrrnmaus
947 747 1126 794 vrnsmurr.
1382 735 1441 792 197

475 895 673 960 Defensante
689 898 772 977 Deo,
786 921 958 984 sacrasque
975 909 1081 965 tuente
1095 901 1231 984 puellas.

475 995 650 1077 Egreditur
662 998 791 1062 tandem
805 999 919 1064 infelix
934 1002 1100 1084 gurgustia
1112 1001 1275 1084 linquens,

476 1096 580 1167 Quem
596 1098 753 1163 acelemm
768 1101 849 1165 socii
863 1112 1029 1188 nequeunt
1043 1123 1238 1185 cognoscere
1249 1102 1362 1173 fronte,

473 1195 542 1259 sed
556 1199 669 1279 procul
685 1200 865 1266 abscedunt
879 1215 970 1267 vasto
983 1204 1160 1286 crepitante
1175 1203 1324 1278 tumultu,

475 1296 675 1381 Linquentes
687 1302 820 1380 larvam,
834 1303 961 1367 furvum
975 1304 1167 1388 phantasma
1181 1303 1347 1386 putabant

476 1397 561 1460 Nam
575 1403 722 1484 proprias
736 1404 822 1468 acies
834 1404 939 1468 fautor
953 1405 1096 1469 caecabat
1110 1403 1262 1486 iniquus3

475 1497 524 1560 Ut
538 1499 626 1562 solus
640 1503 792 1566 nebulam
807 1505 947 1588 strophae
962 1526 1026 1567 non
1044 1512 1152 1568 nosset
1165 1502 1301 1580 adulter,

472 1597 613 1663 Cernere
629 1623 725 1686 quam
740 1603 855 1686 reliqui
870 1605 999 1688 quirent
1013 1606 1083 1666 sine
1098 1601 1208 1666 fraude
1223 1601 1373 1682 maligna.

475 1698 559 1762 Tum
573 1704 655 1785 petit
669 1705 806 1786 Augusti
822 1703 956 1770 demens
970 1703 1122 1786 suffragia
1137 1712 1275 1787 quaestu,

473 1798 626 1865 Vindicet
640 1814 676 1867 ut
691 1804 800 1885 flagris
814 1826 985 1868 vernarum
1000 1805 1135 1869 crimina
1148 1812 1286 1867 sontum.

474 1899 547 1971 Quo
561 1904 630 1968 viso
645 1926 795 1988 proceres
809 1906 912 1970 densa
925 1907 1066 1991 stipante
1081 1925 1211 1978 corona,

471 2002 557 2067 Cum
573 2007 721 2091 colaphis
736 2008 868 2089 cedunt,
882 2020 916 2073 et
924 2011 1014 2073 lento
1028 2009 1144 2073 vimine
1160 2006 1263 2088 flagri,

476 2104 521 2166 Ut
534 2109 647 2188 procul
662 2111 818 2191 effugeret
831 2111 931 2174 facies
945 2112 1065 2174 larvata
1077 2108 1221 2173 nefandi.

474 2206 613 2271 Ducitur
626 2209 668 2273 ad
681 2214 843 2296 propriam
859 2212 987 2276 famulis
1002 2211 1230 2276 comitantibus
1245 2211 1361 2286 aulam,

476 2312 621 2397 Moxque
636 2315 795 2379 clientelas
810 2327 958 2380 resonant
973 2315 1166 2397 singultibus
1180 2311 1278 2389 mdes,

473 2411 560 2475 Dum
575 2424 710 2479 cernunt
725 2416 902 2479 Dominum
916 2416 1011 2500 picea
1025 2413 1159 2494 fuligine
1173 2413 1306 2496 pictum.

472 2513 626 2578 Autumat
639 2515 801 2580 incassum
818 2517 913 2580 fretas
927 2517 1044 2580 virtute
1059 2505 1229 2596 magorum

470 2613 543 2678 Hoc
559 2616 620 2678 sibi
635 2617 754 2681 clasma
768 2627 884 2682 tetrum
899 2639 1005 2683 sacras
1021 2625 1162 2698 gestasse
1177 2614 1311 2698 puellas,

477 2716 604 2782 Idcirco
618 2721 725 2804 peplis
734 2721 835 2805 jussit
849 2721 995 2785 fraudare
1010 2722 1134 2796 beatas,

474 2817 624 2885 Pasceret
637 2822 809 2886 obscoenos
825 2834 860 2887 ut
873 2822 964 2886 nudo
979 2842 1111 2905 corpore
1128 2819 1234 2883 visus:

472 2920 561 2990 Quos
574 2922 661 3004 prius
674 2923 707 2985 in
723 2924 854 2987 latebris
868 2922 987 2986 fraudis
1002 2922 1194 3006 phantasma
1208 2920 1328 2983 fefellit

472 3018 526 3083 Sic
543 3022 634 3085 Deus
648 3044 689 3085 ex
705 3024 783 3101 alto,
797 3024 854 3107 qui
870 3034 999 3087 sanctos
1008 3023 1080 3107 juro
1096 3021 1272 3105 triumphat
1289 3045 1298 3097 ς

474 3122 559 3185 Cum
574 3122 648 3187 forti
661 3125 797 3188 famulas
812 3124 928 3189 dextra
941 3124 1087 3189 defendit
1100 3124 1249 3201 inermes,

474 3224 520 3286 Ut
534 3225 644 3287 nullus
656 3226 809 3289 membris
821 3235 933 3308 posset
948 3226 1068 3289 auterre
1082 3224 1243 3307 cyclades.

472 3324 570 3387 Venit
584 3322 625 3387 ad
641 3335 820 3389 extremum
834 3327 987 3410 princeps
1002 3325 1163 3391 Sisinnius
1179 3335 1283 3401 atrox,

472 3425 517 3488 Ut
533 3425 668 3489 tumulas
682 3425 813 3504 Christi,
828 3428 856 3491 si
870 3428 995 3491 nollent
1011 3427 1102 3490 thura
1116 3426 1219 3501 litare,

472 3528 544 3591 Nec
559 3527 764 3591 delubrorum
780 3529 859 3591 ritus
874 3530 985 3592 offerre
1000 3527 1162 3612 profanos,

471 3630 619 3692 insontes
633 3630 752 3713 pariter
762 3628 888 3717 prudeli
903 3640 1003 3693 morte
1018 3639 1156 3692 necaret

468 3732 537 3797 Sed
551 3734 659 3798 nullus
673 3736 773 3799 valuit
787 3747 915 3800 sanctas
930 3744 1046 3798 terrore
1061 3734 1230 3810 minarum,

470 3836 628 3909 Quamvis
641 3835 787 3901 centenis
802 3836 906 3920 plagis
919 3836 1119 3899 incumberet
1134 3846 1235 3914 atrox,

471 3939 498 4001 A
516 3937 634 4002 Christi
651 3939 740 4002 cultu
755 3954 879 4001 mentes
894 3936 1074 4001 discludere
1089 3936 1187 4001 rixas.

216 4083 224 4133 q
468 4040 553 4103 Tum
569 4038 714 4121 geminas
728 4039 860 4103 mandat
874 4040 1003 4103 flamma
1018 4038 1193 4120 crepitante
1209 4040 1357 4103 cremari:

464 4142 546 4213 Qua
563 4141 612 4204 sic
628 4152 756 4204 orantes
771 4140 890 4224 potius,
906 4160 1003 4223 quam
1020 4138 1137 4201 damna
1152 4139 1300 4217 serentes,

468 4241 635 4325 Angelicis
649 4243 735 4306 ulnis
749 4240 792 4305 ad
806 4242 881 4305 coeli
897 4240 1003 4304 sidera
1016 4238 1186 4305 scandunt.

466 4341 577 4407 Tertia
594 4341 652 4405 sed
669 4341 812 4427 sequitur
827 4362 964 4405 cuneum
981 4341 1086 4403 visura
1101 4360 1285 4423 supemum‚

468 4444 610 4507 Tramite
627 4441 776 4507 dissimili
791 4442 928 4506 tendens
944 4441 985 4505 ad
999 4440 1130 4525 premia
1144 4442 1236 4505 vitae:

464 4543 602 4626 Spicula
617 4542 694 4606 dum
708 4542 828 4625 patitur
841 4543 948 4623 longis
964 4550 1116 4623 exempta
1129 4542 1294 4625 pharetris,
