3759 5425
458 653 519 712 110
592 663 743 712 hNthYMl
761 663 915 708 EPISTOLA
932 665 978 708 Ab
992 663 1149 711 sonuum«
1165 663 1363 710 annulatam.

459 822 531 894 Quo
547 829 676 882 evectus
690 817 876 882 florentibus
997 817 1142 882 Paradisi
1157 818 1334 902 cespitibus

459 922 608 987 Soclatus
623 921 814 985 sublimibus
994 921 1194 1004 Angelorum
1208 943 1284 986 cum
1298 919 1453 995 millibus,

457 1023 586 1106 Regnat
598 1023 672 1089 istic
687 1043 746 1106 per
760 1023 880 1085 saecula
995 1022 1141 1108 Carpens
1156 1033 1276 1088 aeterm
1289 1019 1415 1105 gaudia.

457 1125 534 1188 Bini
549 1125 616 1187 bini
630 1125 801 1188 beantibus
991 1123 1183 1188 Meritorum
1197 1125 1356 1188 meatibus

457 1227 604 1290 Virentes
618 1247 656 1290 ac
673 1227 699 1288 si
715 1227 849 1290 floscula
993 1225 1138 1290 Paradisi
1152 1247 1212 1310 per
1226 1227 1325 1288 florea

457 1326 543 1389 Olim
560 1337 680 1410 spretas
694 1327 832 1408 agilibus
993 1326 1117 1390 Patrius
1131 1335 1245 1410 petunt
1259 1324 1407 1388 cursibus

461 1427 537 1490 Non
553 1427 631 1511 quid
644 1428 726 1490 luxu
738 1427 850 1491 labilia
995 1426 1107 1492 Cosmi
1122 1438 1272 1513 quaenunt
1285 1422 1463 1508 quisquilia

457 1527 521 1591 Sed
537 1525 616 1609 quid
630 1527 725 1591 fertur
739 1549 806 1592 non
821 1527 955 1592 minima
998 1529 1237 1593 charismatum
1256 1524 1441 1599 donamina,

457 1629 584 1701 Quibus
599 1626 718 1692 ditatur
732 1629 821 1692 arida
995 1630 1183 1694 Animarum
1198 1650 1256 1714 per
1268 1625 1393 1690 florida.

456 1733 510 1796 En
524 1733 683 1797 vehebant
698 1733 859 1797 volumina
999 1736 1180 1799 Numerosa
1194 1755 1251 1818 per
1264 1734 1400 1816 agmina.

458 1835 663 1900 Multimodis
678 1845 710 1899 et
725 1835 869 1918 mysticis
992 1836 1193 1899 Elucubrata
1206 1834 1363 1898 normulis

462 1938 606 2010 Quomm
621 1947 732 2000 auctor
746 1937 871 2001 caelitus
995 1936 1119 2000 Adesse
1134 1946 1261 2001 constat
1274 1936 1380 2012 alitus,

456 2039 537 2111 Qum
552 2038 724 2120 Propheta
739 2038 887 2122 Apostoli
996 2038 1184 2121 Doctiloqui
1201 2035 1322 2100 oraculi

458 2137 865 2222 Indidemntpergamenae
999 2139 1096 2202 Almo
1111 2137 1237 2202 inflanti
1250 2137 1381 2200 flamine

458 2241 557 2303 Nunc
571 2239 705 2302 vestium
717 2240 876 2304 velamina
999 2241 1076 2304 Ulla
1089 2239 1389 2324 produntoramina

457 2340 661 2424 Mirificoque
676 2361 806 2404 munere
992 2340 1201 2406 Perierebant
1212 2361 1359 2426 propere.

458 2446 604 2528 Quaeque
618 2443 664 2506 ita
677 2442 813 2507 inormia
998 2442 1146 2507 Eliciunt
1160 2444 1295 2507 exordia

456 2543 597 2609 Pulchro
612 2564 741 2626 prorsus
755 2545 932 2628 propagine
998 2545 1199 2629 Deprompta
1212 2545 1248 2607 in
1262 2543 1388 2626 origine

457 2647 560 2711 Gnari
576 2644 721 2731 quaedam
737 2646 901 2729 genimina
996 2645 1122 2708 Vermis
1135 2646 1263 2711 fuerunt
1277 2647 1413 2709 minima

459 2747 561 2811 Foliis
576 2748 696 2832 quique
711 2748 849 2811 vescitur
993 2748 1121 2810 Brumae
1136 2758 1276 2811 meatum
1292 2750 1399 2812 oritur.

461 2849 609 2931 Cumque
624 2850 730 2932 proles
743 2848 945 2931 progreditur
995 2848 1135 2911 Ovorum
1151 2850 1223 2912 alvo
1239 2848 1338 2912 oritur

458 2952 575 3036 Neque
588 2949 664 3013 illos
679 2950 736 3034 qui
749 2951 860 3031 genuit
995 2948 1120 3014 Vermis
1134 2950 1221 3014 idem
1235 2951 1371 3015 recaluit

457 3054 583 3118 Foetum
598 3054 701 3117 fluant
715 3075 757 3117 ex
773 3053 893 3117 semiue
991 3054 1064 3116 lmo
1079 3063 1202 3117 naturae
1216 3055 1357 3135 germine

457 3154 523 3221 Sed
538 3153 615 3237 quid
632 3155 733 3237 magis
747 3154 891 3218 mirabile
994 3153 1121 3218 Mundo
1136 3165 1169 3219 et
1183 3154 1383 3240 desperabile

458 3259 527 3322 Ova
541 3256 598 3321 viri
613 3267 646 3320 et
660 3256 800 3319 foeminae
993 3254 1156 3320 Calificati
1171 3258 1277 3321 calore

458 3356 617 3422 Parturire
631 3356 833 3441 progenitum
998 3356 1126 3419 Foetum
1140 3359 1255 3422 vellere
1271 3372 1417 3442 vegetum

456 3462 548 3525 Lana
562 3458 638 3522 ostri
653 3458 788 3521 elabitur
995 3458 1178 3522 Vermiculo
1193 3480 1266 3523 cum
1282 3461 1412 3524 vertitur

460 3560 603 3645 Spissam
620 3580 680 3623 ceu
695 3578 810 3621 aranea
997 3558 1111 3621 Telam
1126 3559 1210 3623 texit
1222 3580 1404 3625 muscanea.

455 3660 604 3743 Tumque
618 3659 701 3723 lanae
714 3658 879 3722 latratibus
999 3659 1093 3722 Fusae
1107 3658 1201 3723 valde
1217 3660 1398 3726 volantibus

456 3762 528 3825 Fila
541 3762 575 3822 in
591 3780 664 3844 quae
679 3757 851 3823 revolvitur
999 3758 1108 3823 Veluti
1122 3759 1198 3822 setis
1212 3767 1376 3845 torquetur

456 3862 538 3927 Inde
553 3871 721 3925 sumuntur
736 3860 848 3925 Serica
994 3861 1458 3947 Quoeportabantpromiscua

457 3965 600 4038 Quorum
615 3960 819 4046 persplendet
833 3962 959 4047 species
995 3962 1135 4027 Pulchra
1148 3985 1210 4028 ceu
1224 3966 1379 4048 planities

456 4064 602 4130 Paradisi
617 4063 761 4148 puniceis
998 4062 1264 4148 Purpuratacum
1278 4068 1379 4132 roseis

456 4168 582 4241 Quibus
596 4167 628 4229 in
634 4176 679 4229 ter
693 4168 834 4233 eburnea
996 4166 1080 4229 Lilia
1093 4168 1203 4231 locant
1217 4168 1305 4231 linea

457 4268 522 4346 Sic,
537 4268 583 4332 sio
600 4289 677 4331 sane
692 4269 866 4351 sanguinea
997 4268 1177 4333 Sericorum
1191 4269 1332 4353 insignia

456 4367 595 4433 Pulchre
611 4368 697 4452 picta
711 4369 862 4452 perniveo
993 4366 1108 4432 Colore
1124 4380 1222 4453 atque
1237 4392 1362 4451 croceo,

457 4469 560 4533 Viridi
575 4470 661 4533 fulvo
677 4471 774 4533 floreo
1000 4471 1121 4535 Fucata
1135 4482 1233 4555 atque
1247 4474 1341 4537 lanea
