3759 5425
453 669 495 727 64
748 731 752 739 .
799 694 1136 744 s.aauauau1arern

453 839 621 916 potiretur:
655 845 764 910 nullus
796 850 831 912 in
873 852 1021 916 Romana
1064 851 1255 918 Menarchia
1299 857 1509 936 praestantior

454 938 571 1018 extitit,
586 955 618 1006 et
640 966 736 1029 quem
756 951 860 1014 solnm
881 972 948 1034 prae
971 954 1120 1016 omnibus
1136 953 1310 1018 tribunitiae
1333 959 1507 1038 potestatis

454 1047 600 1121 personis
616 1061 649 1110 et
662 1070 831 1132 procerum
845 1055 1083 1136 magistratibus
1104 1054 1325 1135 dignissimum
1340 1067 1426 1120 ratus
1440 1071 1505 1133 est,

455 1143 508 1203 cui
525 1147 768 1216 Constantinam
781 1155 880 1235 regali
890 1156 1041 1238 prosapia
1052 1156 1192 1236 genitam
1202 1167 1333 1240 propter
1343 1159 1506 1224 secundos

453 1247 608 1312 bellorum
646 1267 778 1319 eventus
807 1269 840 1321 et
870 1278 1040 1341 prosperos
1071 1256 1302 1340 triumphorum
1332 1281 1505 1326 successus

453 1352 588 1433 nuptiali
610 1353 683 1420 dote
705 1359 893 1436 subarraret,
916 1369 949 1422 et
971 1359 1012 1424 ad
1035 1361 1160 1441 copulae
1183 1362 1443 1440 contubernium,
1473 1365 1503 1428 si

451 1471 556 1514 rerum
578 1457 657 1519 ratio
679 1469 850 1541 pateretur,
873 1461 1094 1544 desponsaret,
1117 1472 1206 1524 eruta
1229 1461 1381 1526 radicitus
1402 1485 1503 1547 pagaa

452 1573 564 1614 norum
588 1557 712 1620 cultura
735 1559 776 1623 ad
807 1561 903 1624 fidem
934 1563 1139 1626 catholicam
1162 1582 1337 1626 conversus
1359 1575 1419 1640 est,
1442 1565 1501 1649 qui

451 1656 539 1719 solus
561 1679 600 1720 ea
622 1668 810 1742 tempestate
833 1663 995 1745 Scythica
1017 1664 1123 1744 gentis
1147 1663 1313 1747 impetum,
1329 1686 1401 1749 quar
1424 1687 1499 1729 eum

450 1756 577 1821 infinito
601 1756 701 1822 duelli
723 1774 878 1845 apparatu
901 1763 1044 1828 aCircio
1059 1763 1268 1847 proficiscens
1290 1765 1500 1830 Thraciamm

449 1861 630 1942 prosincias
659 1863 818 1928 hostiliter
847 1867 1073 1949 populabatur,
1095 1867 1230 1950 perferre
1264 1867 1406 1949 potuisse
1429 1888 1497 1930 ere·

451 1960 593 2026 debatur.

493 2065 612 2126 XLIX.
645 2065 708 2128 His
729 2067 828 2147 igitur
855 2068 995 2151 praefatis
1026 2067 1181 2150 virginum
1213 2069 1357 2146 catervis,
1378 2090 1499 2153 nequa-

449 2185 544 2248 quam
561 2165 748 2230 Eustochiae
764 2179 797 2232 et
813 2168 1029 2232 Demetriadis
1045 2169 1196 2232 virtutum
1212 2171 1426 2248 rumusculus,
1440 2175 1496 2255 qui

447 2269 566 2350 passim
589 2288 645 2350 per
676 2269 841 2354 Europam
870 2273 1077 2335 crebrescens
1103 2270 1303 2348 diffunditur,
1333 2293 1353 2334 a
1379 2275 1498 2338 nostris

446 2367 608 2430 literarum
622 2369 787 2433 schedulis
795 2383 827 2434 et
838 2372 966 2455 apicum
979 2370 1150 2455 pictatiolis
1161 2371 1350 2454 excipiatur,
1362 2394 1497 2455 quarum

448 2468 536 2550 prior
555 2467 739 2532 savdrabilis
767 2469 836 2534 filia
857 2470 966 2533 Paulae
990 2481 1022 2533 et
1050 2472 1153 2534 beatae
1175 2471 1317 2536 Blesillae
1347 2493 1497 2554 germana

447 2568 529 2634 adeo
551 2568 638 2654 apud
661 2571 840 2634 occidentis
861 2571 1029 2657 imperium
1058 2571 1166 2635 solerti
1189 2572 1341 2636 librorum
1364 2574 1495 2656 ingenio

446 2672 582 2757 praedita
612 2671 735 2751 claruit,
763 2685 800 2737 ut
835 2673 868 2736 in
905 2672 1155 2737 orthodoxorum
1192 2673 1410 2754 bibliothecis,
1438 2679 1496 2742 ubi

446 2778 652 2857 sagacissima
669 2777 858 2860 Hieronymi
874 2786 1055 2841 commenta
1065 2775 1249 2853 recitantur,
1263 2776 1350 2839 illius
1364 2799 1494 2863 quoque

445 2880 555 2962 opinio
584 2882 695 2941 crebra
723 2879 873 2942 lectionis
901 2877 1090 2942 assiduitate
1124 2876 1314 2959 divulgetur,
1337 2878 1494 2963 siquidem

445 2979 552 3043 sexies
574 2991 666 3041 terna
680 2978 731 3040 vel
752 2990 799 3040 ter
813 2999 891 3041 sena
903 2980 938 3041 in
957 2978 1066 3041 Esaiae
1082 2977 1266 3041 vaticinium
1281 2979 1442 3042 volumina
1453 2980 1493 3043 ad

444 3078 581 3142 eandem
612 3078 766 3157 virginem
796 3079 922 3161 prolixa
949 3100 1130 3142 sermonum
1156 3079 1236 3141 serie
1260 3078 1495 3159 deseribuntur,

445 3180 502 3244 sed
526 3190 559 3241 at
580 3178 709 3241 residua
731 3178 968 3243 Canonicarum
992 3180 1255 3243 commentariola
1270 3180 1496 3263 scripturarum
1607 3172 1612 3181 ¹

444 3301 517 3364 quae
531 3279 681 3363 praefatus
704 3277 819 3343 divinae
841 3281 923 3361 legis
945 3281 1112 3363 interpres,
1127 3290 1160 3344 et
1184 3280 1293 3344 matris
1313 3282 1440 3346 solertia
1461 3294 1494 3345 et

442 3381 587 3463 blirginis
608 3380 795 3463 compulsus
823 3381 980 3443 industria
1010 3379 1189 3459 desudavit,
1211 3383 1359 3447 universa
1381 3381 1491 3465 singil-

441 3485 532 3549 latim
548 3504 796 3547 commemorare
818 3494 989 3566 pertaesum
1012 3493 1071 3559 est,
1088 3504 1159 3567 quoe
1181 3494 1292 3546 restrae
1308 3484 1492 3563 sagacitatis

440 3586 677 3672 philosophiam
700 3606 757 3667 per
778 3593 925 3668 patentes
954 3586 1104 3648 librorum
1133 3605 1263 3668 campos
1285 3585 1491 3651 cursitantem

441 3694 646 3772 nequaquam
667 3685 854 3750 delitescere
875 3708 955 3764 reor,
981 3686 1035 3749 cui
1057 3686 1152 3749 etiam
1175 3685 1427 3749 exhortatorium
1449 3685 1491 3753 de

440 3790 631 3872 virginitate
653 3788 808 3852 servanda
823 3787 991 3868 insigniter
1005 3786 1108 3850 edidit
1123 3788 1323 3869 opuseulum.
1368 3786 1490 3851 Secun-

439 3890 514 3953 dam
536 3912 621 3967 vero,
650 3890 753 3953 nobili
784 3889 892 3973 stirpis
919 3888 1073 3971 prosapia
1102 3886 1283 3965 oriundam,
1303 3888 1337 3949 in
1367 3898 1491 3953 tantum

438 3990 630 4071 vagabunda
665 4012 827 4053 rumorum
864 3988 1027 4072 praeconia
1063 3990 1283 4065 extollebant3
1319 3999 1357 4052 ut
1393 3988 1490 4051 etiam

437 4090 656 4156 transmarinis
685 4091 847 4154 literarum
878 4089 1115 4153 characteribus
1150 4090 1285 4165 imbuta,
1314 4110 1418 4173 usque
1447 4089 1489 4153 ad

438 4215 594 4257 summam
617 4194 741 4256 virtutis
771 4192 910 4255 Pharum
940 4189 1091 4271 virgineis
1121 4190 1306 4253 meritorum
1335 4189 1489 4272 gradibus

437 4292 669 4356 conscenderit.
715 4292 883 4377 Siquidem
905 4292 1070 4373 flagitante
1092 4290 1235 4376 ejusdem
1260 4291 1412 4372 genitrice
1433 4312 1488 4355 ro-

433 4395 543 4456 lumen
574 4393 702 4476 prolixa
723 4404 755 4458 et
786 4394 896 4481 lepida
925 4412 1107 4458 sermonum
1140 4394 1220 4457 serie
1251 4393 1422 4477 digestum,
1444 4392 1486 4457 ad

433 4496 599 4580 praefatam
623 4495 741 4560 Christi
772 4498 973 4572 tirunculam,
996 4498 1076 4561 citra
1107 4506 1243 4578 pontum
1274 4497 1430 4579 dirigitur,
1451 4496 1485 4559 in
