3759 5425
464 723 505 780 86
790 731 1008 776 assonetur
1030 733 1187 776 errsrutr

465 908 567 971 usque
581 885 624 950 ad
638 886 735 949 tinem
755 884 868 949 mundi
882 896 970 949 recto
994 885 1115 950 tramite
1135 884 1303 948 decursum
1325 889 1430 970 sagaci
1455 893 1520 954 sol-

462 992 554 1053 lertia
590 1000 776 1052 sanxerunt
836 988 880 1051 lit
909 1009 929 1050 a
959 987 1200 1072 decimaquarta
1237 989 1316 1051 luna
1344 1009 1446 1072 usque
1477 991 1520 1056 ad

464 1093 653 1175 vigesimam
687 1091 823 1175 primam
860 1090 1098 1175 supputationis
1136 1091 1262 1168 seriem,
1292 1103 1325 1156 et
1353 1091 1520 1158 Paschalis

465 1195 582 1259 cuculi
602 1194 774 1258 terminum
799 1192 1010 1268 tradiderim,
1037 1213 1133 1276 quem
1160 1191 1337 1274 anticipare
1361 1203 1394 1257 et
1416 1204 1518 1258 trans·
1557 1261 1559 1266 ,

464 1296 565 1380 gredi,
580 1309 692 1360 contra
708 1295 764 1380 jus
784 1307 819 1359 et
839 1295 888 1359 fas
907 1294 1058 1357 illicitum
1080 1294 1147 1357 fore
1170 1303 1372 1357 censuerunt.
1416 1294 1517 1360 Porro

464 1399 519 1462 isti
541 1397 718 1462 secundum
744 1398 921 1462 decennem
945 1417 1190 1480 novennemque
1215 1397 1354 1460 Anatolii
1381 1419 1513 1482 eompu-

464 1510 576 1576 tatum,
604 1508 661 1563 aut
695 1501 804 1582 potius
835 1500 933 1585 juxta
963 1500 1101 1583 Sulpicii
1131 1498 1239 1563 Severi
1275 1501 1428 1580 regulam,
1460 1505 1518 1584 qui

466 1601 641 1664 LXXXIV
661 1621 818 1665 annorum
839 1621 968 1664 cursum
989 1601 1168 1683 descripsit,
1184 1599 1421 1686 decimaquarta
1439 1604 1519 1667 luna

464 1723 539 1766 cum
551 1703 572 1765 J
573 1702 675 1766 udaeis
685 1703 842 1766 Paschale
853 1711 1087 1766 sacramentum
1098 1703 1273 1780 celebrant,
1284 1723 1356 1765 cum
1369 1713 1517 1766 neutrum

463 1803 622 1867 Ecclesiae
633 1803 789 1867 Romanae
799 1802 975 1866 Pontifices
987 1802 1029 1866 ad
1044 1803 1217 1886 perlectam
1228 1802 1345 1866 calculi
1358 1801 1517 1866 rationem

466 1917 650 1990 sequantur.
709 1906 775 1970 Sed
804 1925 864 1969 nec
892 1903 1029 1968 Victorii
1054 1903 1222 1967 Paschalls
1245 1904 1388 1968 laterculi
1418 1905 1517 1968 curri·

466 2009 585 2084 culum,
600 2007 656 2089 qui
672 2007 840 2070 DXXXII
856 2025 1013 2068 annorum
1030 2004 1159 2068 circulis
1175 2002 1366 2078 continetur,
1381 2003 1518 2086 posteris

464 2106 652 2171 sectandum
682 2107 898 2171 decreverunt.
943 2106 1026 2169 Erat
1052 2127 1192 2189 namque
1222 2125 1324 2186 genus
1353 2104 1517 2188 quoddam

465 2207 686 2272 hereticorum
717 2207 804 2293 apud
830 2208 1021 2282 orientales,
1046 2205 1135 2290 quod
1159 2205 1517 2270 Tessareslraidekatitai

462 2320 604 2385 vocatur,
631 2309 736 2374 idest
761 2309 1053 2386 Quartadecimani,
1076 2331 1117 2372 eo
1143 2308 1231 2394 quod
1255 2309 1518 2392 quartadecima

462 2411 542 2474 luna
555 2432 628 2476 cum
643 2411 768 2476 Judreia
779 2411 942 2475 Christum
957 2410 1269 2494 blasphemantibus,
1283 2422 1317 2474 et
1330 2411 1519 2491 margaritas

464 2512 634 2595 Evangelii
650 2514 712 2577 ritu
732 2533 902 2598 porcorum
925 2514 1127 2578 calcantibus
1142 2513 1276 2576 Paschae
1291 2510 1516 2578 solennitatem

462 2627 630 2697 peragunt,
646 2625 678 2679 et
696 2617 740 2678 oh
759 2615 822 2678 hoc
845 2614 941 2677 alieni
963 2635 983 2678 a
1002 2615 1098 2678 beata
1117 2614 1378 2678 Orthodoxorum
1398 2614 1519 2678 sodali·

462 2730 528 2783 tate
555 2722 640 2785 inter
668 2720 948 2785 Schismaticorum
978 2720 1193 2785 conciliabula
1221 2720 1393 2783 infeliciter
1420 2741 1516 2803 repu-

462 2830 579 2897 tantur,
602 2820 691 2903 quod
716 2823 847 2885 beatum
875 2820 1145 2903 augustinumin
1168 2821 1251 2883 libro
1273 2819 1315 2885 de
1339 2822 1517 2903 nonaginta

463 2920 638 2984 haeresibus
666 2921 786 3004 scripto
823 2942 1087 2985 commemorasse
1122 2920 1264 2984 memini.
1324 2922 1410 2985 Illud
1438 2941 1514 2985 vero

463 3041 560 3102 quam
580 3021 674 3085 valde
695 3043 714 3084 a
736 3020 800 3083 lide
821 3021 991 3086 catholica
1010 3023 1181 3105 discrepat,
1202 3031 1235 3086 et
1253 3024 1295 3087 ab
1315 3023 1515 3105 Evangelica

463 3118 634 3183 traditione
659 3120 832 3195 discordat,
856 3122 944 3205 quod
963 3124 1045 3187 ultra
1065 3122 1209 3187 Sabrina)
1233 3124 1375 3187 fluminis
1397 3124 1513 3189 fretum

463 3221 672 3284 Demetarum
696 3222 878 3286 sacerdotes
900 3223 941 3287 de
963 3224 1087 3309 privata
1112 3225 1241 3309 propria
1264 3226 1515 3291 conversationis

463 3322 622 3386 munditia
651 3324 824 3405 gloriantes
854 3336 994 3389 nostram
1030 3325 1290 3390 communionem
1318 3346 1513 3411 magnopere

463 3426 698 3505 abominantur,
727 3427 760 3490 in
787 3438 922 3507 tantum,
953 3440 988 3491 ut
1017 3448 1077 3493 uec
1103 3429 1138 3491 in
1164 3427 1315 3493 Ecclesia
1344 3429 1513 3494 nobiscum

463 3527 640 3592 orationum
678 3529 785 3592 officia
814 3529 986 3605 celebrare,
1015 3550 1076 3593 nec
1113 3528 1154 3592 ad
1186 3550 1331 3598 mensam
1366 3530 1511 3595 ciborum

462 3630 592 3707 fercula,
614 3649 672 3712 pro
697 3628 837 3692 caritatis
859 3629 970 3710 gratia,
992 3627 1112 3713 pariter
1134 3629 1296 3713 percipere
1319 3628 1510 3713 dignentur:

462 3731 661 3814 quinimmo
684 3730 862 3812 fragmenta
882 3729 1087 3807 serculomm,
1108 3739 1141 3791 et
1169 3730 1322 3814 reliquias
1347 3732 1512 3812 epularum

460 3831 629 3895 lurconum
648 3850 766 3894 canum
784 3831 916 3894 rictibus
933 3840 967 3894 et
990 3829 1165 3893 immundis
1188 3828 1385 3895 devorandas
1405 3832 1513 3914 porcis

462 3931 648 4015 projiciunt.
693 3932 834 3996 Vascula
849 3952 977 4016 quoque
992 3944 1024 3995 et
1037 3933 1165 4016 phialas
1179 3944 1235 3996 aut
1249 3934 1392 3997 arenosis
1405 3935 1513 3999 sablo·

463 4054 543 4096 num
571 4034 698 4115 glareis,
727 4042 784 4096 aut
812 4032 905 4096 salvis
940 4031 1118 4097 favillarum
1148 4032 1311 4098 cineribus
1348 4034 1514 4118 expianda

461 4134 692 4218 purgandaque
721 4133 923 4216 precipiunt.
978 4134 1055 4198 Non
1085 4136 1235 4199 salutatio
1265 4135 1403 4220 pacifica
1431 4158 1513 4221 prae-

460 4238 563 4314 betur,
592 4257 659 4300 uon
696 4237 839 4299 osculum
875 4235 939 4320 piae
968 4236 1175 4301 fraternitatis
1212 4238 1351 4316 offertur,
1382 4237 1512 4304 dicente

460 4336 636 4419 Apostolo:
676 4335 821 4399 Salutate
843 4356 901 4399 vos
930 4336 965 4398 in
990 4337 1101 4400 osculo
1131 4348 1255 4416 sancto,
1277 4358 1338 4402 nec
1362 4340 1514 4406 manibus

458 4439 646 4514 lomentum,
671 4447 727 4500 aut
751 4438 840 4499 latex
866 4457 940 4500 cum
966 4439 1168 4519 manutergio
1195 4439 1377 4518 exhibetur,
1401 4462 1510 4525 neque

458 4540 598 4625 pedihus
626 4538 668 4603 ad
704 4541 866 4602 lavacrum
896 4540 999 4624 pelvis
1037 4541 1220 4623 apponitur,
1251 4564 1324 4607 crrnr
1364 4543 1512 4607 Salvator
