3759 5425
497 704 559 766 806
776 717 931 768 arrsrors
947 696 991 766 in
1006 717 1181 778 acraorou,
1197 717 1269 767 erc.

499 872 722 956 quassabimus
739 872 804 937 -tis
840 874 895 938 Sic
912 871 954 936 de
969 873 1062 938 tertia
1075 882 1222 959 correpta
1235 872 1294 936 sed
1310 880 1475 957 tempore
1487 894 1569 957 pra-

499 973 592 1051 senti,
607 973 845 1057 compescimus
866 975 1085 1058 compescitis,
1099 973 1290 1039 infindimus
1308 973 1501 1050 infinditis,
1514 995 1569 1037 an·

499 1076 659 1139 nectimus
685 1075 866 1153 annectitis,
888 1077 1101 1141 rescindimus
1128 1077 1323 1153 rescinditis,
1350 1076 1569 1161 depectimus

501 1174 677 1259 depectitis.
724 1176 769 1239 Ut
784 1175 817 1237 in
833 1177 1018 1259 Georgicis:

640 1287 798 1358 Velleraque
808 1295 838 1342 nt
848 1288 917 1343 foliis
928 1290 1067 1361 depectant
1077 1291 1167 1343 tenuia
1178 1290 1265 1344 Seres.

501 1394 552 1459 lta
573 1394 731 1459 infinitivo
754 1395 852 1459 modo
875 1417 1089 1480 compescere,
1103 1394 1273 1474 infindere,
1296 1404 1500 1471 annectere,
1522 1414 1568 1456 re·

501 1496 659 1573 scindere,
675 1496 854 1580 depectere,
864 1497 1050 1577 excludere,
1065 1496 1244 1573 detrudere,
1255 1493 1445 1574 corradere,
1457 1516 1569 1560 corro-

500 1592 586 1676 dere,
606 1597 740 1678 illidere,
755 1598 951 1683 depromere,
973 1600 1148 1677 colludere,
1168 1618 1342 1681 emergere,
1363 1599 1568 1673 lentescere,

500 1721 681 1779 canescere,
695 1702 881 1781 haerescere,
895 1714 931 1767 ut
945 1702 980 1765 in
995 1702 1221 1785 epithalamio:

642 1817 743 1871 Mellae
754 1824 814 1873 tnnc
825 1821 907 1873 roseis
918 1820 1065 1874 bmrescnnt
1074 1817 1146 1872 labia
1155 1817 1245 1871 labris.

545 1913 587 1977 D.
611 1912 700 1978 Arsis
714 1924 747 1978 et
762 1916 861 1980 tbesis
875 1914 1038 1999 quomodo
1049 1919 1099 1979 rel
1114 1915 1250 2000 qualiter
1262 1914 1469 1997 syllabarum
1487 1924 1566 1978 tem-

500 2033 579 2099 pora
593 2014 627 2077 in
640 2015 749 2080 ionico
768 2015 889 2100 majore
910 2016 1092 2100 partiuntur
1101 2014 1207 2079 r-M.
1221 2016 1310 2079 Arsis
1332 2016 1445 2079 octies
1466 2017 1565 2079 semis

501 2116 652 2195 continet,
677 2126 711 2181 ct
733 2116 833 2182 thesis
856 2129 970 2202 quater
990 2119 1096 2196 semis,
1110 2117 1144 2181 id
1166 2128 1215 2182 est
1236 2116 1376 2201 duplum
1403 2120 1565 2203 temporis

501 2230 704 2304 augmentum
720 2221 799 2287 arsis
810 2232 955 2307 usurpet,
966 2232 999 2287 et
1009 2223 1160 2305 simplum
1175 2221 1277 2286 thesis
1290 2223 1473 2304 gubernat,
1489 2224 1564 2306 quir

502 2334 578 2388 sunt
592 2334 729 2407 quatuor
743 2334 855 2389 contra
870 2324 944 2390 duo.

543 2426 587 2490 D.
612 2426 665 2489 Da
678 2426 821 2507 regulam
837 2427 1132 2491 accentuum—M.
1144 2425 1277 2490 Ionicus
1290 2425 1397 2511 major
1407 2428 1448 2492 in
1459 2432 1563 2494 omni·

499 2528 563 2591 bus
585 2527 764 2591 orationum
785 2526 931 2610 partibus
954 2535 1050 2592 acuto
1076 2537 1213 2593 accentu
1235 2527 1272 2591 in
1298 2534 1564 2613 antepenultima

500 2627 696 2693 titulabitur:
719 2626 842 2692 idcirco
864 2627 953 2707 arsis,
967 2636 1003 2691 ut
1024 2627 1177 2708 diximus,
1191 2627 1354 2709 geminato
1378 2629 1563 2716 triumpho

501 2751 571 2796 rum
588 2740 709 2814 tropaeo
724 2729 942 2794 coronabitur.

867 2847 920 2911 De
934 2847 1054 2910 Peene
1064 2849 1182 2929 primo.

544 2963 587 3027 D.
609 2963 749 3028 Restant
770 2956 898 3048 epitriti
910 2972 943 3028 ct
963 2984 1104 3049 peones,
1127 2987 1262 3051 quorum
1283 2968 1458 3052 exemplar
1479 2992 1562 3035 non·

500 3063 578 3132 dum
600 3065 849 3132 commentando
878 3067 1208 3151 propalaveras-M.
1239 3069 1410 3135 Formulas
1432 3076 1562 3156 peonis

500 3171 595 3258 primi
616 3169 816 3254 pedetentim
839 3169 1019 3254 expediens
1041 3172 1226 3236 nullatenus
1247 3173 1562 3257 comperendinabo,

501 3274 594 3360 cujus
608 3274 760 3357 exempla
774 3271 957 3336 summatim
971 3293 1142 3356 congerere
1162 3275 1256 3354 nitar,
1270 3287 1306 3340 ut
1323 3275 1477 3355 ecclesia,
1489 3279 1561 3364 jus·

487 3376 584 3457 titia,
597 3375 720 3454 laetitia,
735 3375 864 3455 duritia,
878 3375 1018 3455 luxuria,
1032 3377 1197 3461 spurcitia,
1210 3380 1371 3456 navicula,
1386 3380 1560 3460 clavicula,

500 3477 665 3554 lenticula,
681 3476 848 3560 particula,
864 3474 1036 3557 dulcicula,
1050 3481 1206 3557 assecrrls,
1226 3480 1375 3559 coticula,
1390 3483 1560 3563 graticma,

501 3577 654 3656 Ausonia,
675 3575 824 3654 Arcadia,
846 3577 1022 3658 harmonia,
1044 3580 1212 3644 ambrosia.
1266 3581 1450 3646 Fidiculam
1481 3604 1557 3648 vero

502 3699 574 3742 reor
587 3678 630 3743 ad
644 3678 968 3762 proceleusmaticum
983 3681 1161 3764 pertinere3
1184 3681 1278 3768 cujus
1294 3681 1497 3767 primitivum
1509 3696 1560 3748 est

504 3779 590 3858 fidis,
605 3789 642 3844 ut
1280 3781 1284 3787 ’

643 3884 726 3940 fretos
737 3883 837 3940 cithara
847 3885 996 3959 fidibusque
1007 3890 1122 3955 canoris;

504 3998 551 4064 sic
581 3997 764 4063 cuticulam.
810 3999 928 4064 Omnia
957 4000 1019 4065 ista
1048 4001 1237 4066 diminutiva
1257 4008 1324 4066 tam
1344 4000 1555 4085 penultimam

504 4121 601 4186 quam
630 4101 915 4184 antepenultimam
937 4102 1127 4186 corripiunt,
1141 4103 1289 4188 quamvis
1311 4102 1455 4166 cuticula
1469 4115 1557 4168 ante·
1629 4127 1630 4152 ι

502 4203 713 4288 penultimam
728 4201 893 4287 producat.
936 4203 1103 4268 luvenalis
1117 4205 1152 4268 in
1168 4204 1293 4289 Satyris
1307 4203 1438 4268 dicens:

645 4309 713 4364 Cum
725 4308 799 4363 bibet
810 4311 929 4364 nativum
940 4314 1072 4391 matrasta
1082 4309 1195 4364 cuticula
1204 4309 1301 4375 solem,

503 4423 592 4509 quod
606 4443 679 4487 eum
693 4425 798 4489 facere
813 4425 906 4488 metri
926 4425 1101 4490 necessitas
1116 4425 1293 4510 compulit:
1316 4435 1455 4509 quatuor
1467 4428 1553 4492 enim

503 4525 625 4586 habens
643 4523 741 4584 dictio
762 4526 877 4587 breves
899 4527 933 4588 in
956 4526 1088 4589 beroioo
1110 4526 1278 4608 peninon
1300 4527 1392 4592 aliter
1409 4537 1550 4609 poterat:
