3759 5425
706 733 750 777 nrt
766 731 931 777 muninus
947 729 1128 776 vrnorauu.
1380 711 1440 771 179

475 882 628 967 Limpida
641 883 826 948 mundantis
840 891 999 946 sectantes
1014 881 1101 945 dona
1115 881 1242 946 lavacri.

478 984 544 1048 Hic
560 995 650 1068 peter
663 984 797 1048 illustris
812 985 978 1048 celebrans
993 983 1151 1048 solemnia
1164 981 1311 1059 Paschae,
1335 981 1337 985 ’

478 1085 634 1169 Undique
650 1084 765 1148 deserti
779 1096 899 1148 turmas
914 1084 1094 1148 adsciscere
1104 1082 1213 1168 jussit,

479 1187 584 1268 Atque
599 1185 780 1250 catervatim
797 1205 936 1249 cuneum
951 1186 1125 1265 glomerare
1140 1181 1279 1248 fidelem.

478 1284 557 1348 Post
570 1285 641 1350 hoec
655 1287 780 1349 exactis
795 1284 899 1348 missus
915 1284 1126 1349 concentibus
1141 1304 1263 1361 omnes,

480 1385 615 1449 Fercula
629 1385 705 1450 dum
721 1387 823 1448 solitae
840 1394 986 1468 peterent
999 1384 1197 1469 paupercula
1210 1405 1328 1450 mensae

479 1487 662 1552 Vescuntur
676 1485 793 1568 pariter
807 1484 897 1550 sicco
911 1484 1082 1548 nutrimine
1098 1484 1198 1561 fanis,

479 1584 630 1650 Necnon
645 1587 819 1660 fasciculis,
834 1607 916 1670 quos
929 1587 1041 1650 hortus
1055 1596 1197 1670 tempere
1213 1606 1310 1648 verno

481 1687 649 1754 Germinat
662 1711 705 1753 ex
720 1689 852 1771 gremo,
866 1709 940 1753 cum
955 1689 1061 1770 gliscit
1075 1689 1216 1771 gramine
1231 1689 1334 1765 tellite,

481 1789 565 1854 Tum
579 1792 654 1875 pius
667 1792 839 1876 alloquitur
852 1790 910 1854 teli
923 1811 997 1854 cum
1013 1811 1092 1855 voce
1107 1799 1259 1854 catervas.

483 1888 625 1956 Credula
638 1893 666 1957 si
680 1913 752 1956 vere
766 1903 930 1975 gestamus
943 1907 1072 1976 pectora
1085 1892 1205 1969 fratres,

482 1991 577 2055 Nunc
592 1991 742 2075 precibus
756 1993 936 2056 Dominum
951 1993 1028 2056 coeli
1043 1993 1099 2076 qui
1112 2003 1224 2075 regnat
1237 1992 1271 2055 in
1286 2013 1369 2069 arce,

482 2091 528 2154 Et
541 2091 624 2172 regit
637 2092 805 2176 imperium
818 2092 931 2156 muudi
948 2092 1024 2156 dum
1040 2103 1167 2178 sceptra
1179 2094 1345 2176 gubernat,

481 2191 650 2256 Pulsemus
664 2194 791 2277 pariter,
805 2192 963 2258 solamina
977 2192 1076 2275 digna
1090 2203 1243 2275 petentes.

482 2292 647 2365 Quatenus
660 2294 826 2376 impendet
834 2293 940 2378 judex
955 2295 1106 2360 alimenta
1120 2291 1261 2370 misellis,

482 2392 609 2476 Nempe
622 2393 676 2457 die
690 2393 770 2458 festo
783 2396 935 2460 laxantur
948 2395 1047 2460 fraena
1060 2395 1182 2476 rigoris.

482 2493 572 2558 Ecce
585 2492 686 2577 depes
698 2496 813 2572 lautas,
827 2504 860 2559 et
873 2516 1005 2562 munere
1019 2497 1108 2578 larga
1121 2495 1277 2573 ciborum,

482 2595 566 2657 Ante
580 2594 663 2660 fores
677 2596 758 2660 sutri
774 2609 918 2671 cernunt,
933 2597 1078 2660 mirabile
1093 2597 1169 2660 satu.

484 2694 568 2761 Haec
584 2707 709 2778 gestent
722 2697 833 2778 geruli,
848 2719 930 2781 quos
946 2718 1086 2781 unquam
1100 2716 1196 2759 nemo
1211 2695 1352 2774 ridebat,

485 2796 638 2869 Quamvis
652 2798 787 2881 AEgypti
801 2802 967 2863 lustrasset
980 2798 1127 2880 passibus
1142 2818 1224 2861 arva

485 2896 607 2962 Punica
621 2899 706 2963 mala
720 2898 839 2976 vident,
854 2900 961 2981 granis
975 2899 1125 2982 cittisque
1139 2899 1264 2977 referta,

485 2997 610 3075 Bonos,
624 3007 658 3063 et
670 2997 763 3076 ficos,
777 3011 810 3064 et
823 3000 931 3084 plures
947 2999 1058 3063 ordine
1071 3008 1187 3063 tortas:

485 3096 631 3167 Cernitur
644 3100 698 3165 hic
713 3100 810 3167 etiam
824 3102 956 3185 palmeri
973 3100 1121 3184 dactylus
1135 3102 1203 3177 slti,

485 3199 531 3262 Et
543 3201 607 3263 mel
620 3202 803 3266 lentescens
816 3222 959 3267 ceramm
974 3202 1125 3267 machina
1139 3202 1295 3280 clausum,

485 3300 590 3385 Atque
604 3300 667 3367 tavi
681 3322 830 3367 croceum
844 3302 1005 3367 distillans
1018 3303 1150 3368 flumine
1166 3314 1284 3380 nectet,

484 3400 530 3467 Et
542 3400 638 3466 simul
651 3402 788 3469 ubertim
803 3402 1003 3467 candescens
1016 3404 1099 3469 lecte
1113 3404 1297 3467 colustrum.

362 3504 368 3511 '
488 3500 551 3563 His
565 3502 677 3581 gestis,
690 3502 791 3583 geruli
804 3514 975 3587 properant
989 3501 1161 3569 obscedere
1174 3522 1292 3567 rursus.

485 3603 546 3665 Ast
559 3602 616 3667 olli
630 3601 759 3669 Christo
774 3613 942 3686 coeperunt
955 3602 1086 3669 reddere
1103 3614 1223 3683 grates:

485 3702 618 3769 Ferculs
633 3704 688 3787 qui
702 3702 841 3786 dapibus
854 3706 963 3784 largus
978 3704 1150 3786 complevit
1161 3704 1298 3785 opimis:

488 3803 599 3887 Usque
615 3803 700 3867 diem
715 3804 815 3886 penti,
831 3825 927 3888 quem
941 3803 1054 3869 dicunt
1067 3802 1196 3866 nominc
1212 3813 1330 3867 costen.

488 3903 541 3967 Sic
559 3904 651 3970 Deus
666 3904 880 3988 omnipotens,
895 3904 948 3987 qni
966 3914 1083 3967 cuncte
1096 3903 1228 3967 latentia
1240 3903 1356 3977 noscit,

486 4005 622 4073 Deliciis
635 4006 781 4088 proprios
795 4005 893 4071 tantis
906 4005 1062 4088 pascebat
1075 4006 1230 4069 alumnos.

485 4106 560 4170 Jam
573 4106 667 4170 samis
680 4106 815 4190 AEgypti
828 4106 974 4171 multavit
988 4105 1081 4170 clade
1095 4106 1260 4183 cohortes;

488 4207 576 4271 Ecce
591 4210 777 4273 catervatim
793 4207 900 4273 densis
916 4228 1030 4271 venere
1046 4207 1206 4290 maniplis,

489 4308 534 4372 Ut
547 4309 666 4391 pariter
680 4309 787 4375 miseri
800 4319 947 4396 peterent
961 4308 1112 4373 alimenta
1127 4308 1282 4371 ciborum.

486 4408 570 4473 Tum
585 4421 649 4475 tres
662 4409 820 4494 expendit
833 4419 957 4495 sportas
973 4430 1045 4475 cum
1060 4430 1142 4493 pane
1157 4409 1298 4486 refertas,

485 4510 574 4582 Quas
588 4509 677 4593 prius
692 4532 830 4577 exorans
844 4510 952 4596 palme
966 4508 1175 4575 benedixerat
1189 4510 1272 4574 alma

895 4630 919 4674 n
933 4618 955 4675 2
