3759 5425
452 672 515 731 342
751 688 874 733 cesar.
888 688 1018 733 canoa.
1035 686 1204 731 ultuma.

451 838 614 901 literarum
643 838 757 903 studiis
787 838 931 903 eruditus
961 850 993 901 et
1022 840 1055 900 in
1085 839 1204 919 gremio
1241 847 1359 899 sanctae
1393 834 1506 897 matris

452 938 599 1001 ecclesiae
612 940 760 1014 nutritus,
773 940 869 1003 viram
885 938 992 1001 duxit:
1016 949 1048 1001 ct
1062 940 1103 1000 ob
1119 938 1182 1001 lroc
1198 938 1401 1021 potissimum
1415 935 1504 997 banc

451 1036 643 1119 petitionem
659 1037 793 1100 fratcrm
808 1036 922 1099 caritas
937 1058 1106 1119 suggerere
1122 1036 1254 1100 ridetur.
1298 1038 1506 1119 Quapropter

452 1137 674 1219 praedictorum
690 1139 854 1200 Abbatum
868 1137 1020 1221 precibus
1042 1156 1198 1215 annuens,
1212 1139 1317 1221 ipsum
1336 1138 1443 1199 locum
1460 1136 1504 1199 de

452 1258 518 1322 quo
533 1260 630 1322 supra
643 1235 838 1301 mentionem
854 1237 1001 1313 fecimus,
1016 1250 1078 1299 tarn
1095 1237 1157 1299 sibi
1173 1260 1267 1321 quam
1288 1238 1355 1301 suis
1373 1258 1503 1300 succes-

451 1340 587 1417 soribus,
601 1359 744 1401 normam
760 1350 879 1401 sancte
894 1338 1015 1419 regulae
1032 1339 1139 1401 solerti
1156 1338 1324 1402 devotione
1340 1339 1503 1424 sequenti—

451 1444 524 1518 bus,
546 1442 682 1504 fraterna
703 1440 856 1523 petitione
882 1450 1025 1515 coactns,
1048 1440 1211 1502 ultroneus
1233 1438 1399 1523 impendo,
1422 1460 1502 1523 qua·

451 1543 537 1607 tinus
551 1542 585 1604 in
601 1542 736 1604 futurum
752 1540 980 1623 posteritatem,
996 1551 1117 1602 remota
1131 1540 1219 1602 omni
1235 1538 1502 1622 disceptationum

451 1643 606 1707 conflictu
627 1640 854 1723 ingruentium,
876 1640 983 1724 quiete
1005 1641 1168 1717 continua,
1190 1653 1223 1703 et
1241 1660 1326 1724 pace
1344 1654 1503 1724 perpetua

452 1742 525 1805 Deo
553 1743 698 1806 famulari
721 1743 791 1804 siue
821 1740 1051 1823 impedimento
1077 1742 1212 1804 valeant.
1258 1740 1334 1819 Sed,
1354 1763 1398 1804 ne
1422 1743 1502 1805 forte

452 1844 666 1906 contentionis
688 1844 815 1907 occasio
838 1842 993 1925 deinceps
1016 1856 1166 1923 emergat,
1185 1842 1246 1906 hac
1270 1842 1404 1905 rationis
1426 1862 1502 1906 cou-

451 1942 573 2005 ditione
603 1944 792 2025 interposita
821 1944 975 2007 roborans
1004 1942 1171 2021 confirmo,
1195 1955 1232 2006 ut
1254 1944 1365 2006 nullus
1391 1964 1500 2007 succe·

452 2042 596 2105 dentium
626 2042 756 2104 demum
786 2044 1013 2126 episcoporum
1042 2064 1100 2105 seu
1130 2065 1239 2127 regum
1268 2044 1354 2107 hauc
1384 2054 1501 2107 nostras

452 2142 633 2207 donationis
655 2143 843 2218 chartulam,
864 2146 1033 2227 tyrannica
1054 2145 1151 2207 fretus
1172 2156 1330 2226 potestate
1349 2146 1503 2208 violenter

450 2244 590 2322 invadat,
604 2266 749 2307 asserens
763 2245 967 2327 pertinaciter
988 2244 1076 2327 quod
1092 2244 1133 2307 de
1146 2244 1219 2328 jure
1233 2246 1405 2329 potestatis
1418 2247 1501 2328 epis-

453 2356 589 2429 copatus
618 2347 771 2422 ablutum,
799 2355 1094 2428 sequestratumque
1124 2344 1222 2408 fuisse
1251 2344 1432 2421 videretur;
1470 2356 1501 2408 et

451 2446 572 2510 idcirco
598 2446 765 2509 sciendum
789 2455 850 2519 est,
871 2456 904 2507 et
928 2456 1040 2507 contra
1065 2447 1198 2508 aemulos
1223 2446 1500 2529 promulgandum,

452 2548 553 2609 multo
580 2546 682 2627 magis
706 2568 756 2608 me
781 2544 999 2619 commodum,
1025 2556 1293 2629 augmentumque
1322 2544 1503 2627 pontificali

451 2646 595 2712 ecclesiae
610 2645 784 2724 addidisse,
799 2668 892 2731 quam
914 2646 1056 2731 pervim
1077 2647 1280 2711 abstraxisse.
1325 2646 1503 2725 Postremo,

451 2758 488 2810 ut
502 2748 633 2811 firmiter
647 2749 787 2831 praefatae
805 2747 988 2811 donationis
1008 2749 1132 2829 largitio
1149 2748 1271 2831 jugiter
1285 2769 1436 2812 mansura
1449 2750 1504 2827 sit,

450 2848 624 2931 praedictos
639 2851 781 2912 Abbates
799 2850 937 2932 propriis
953 2849 1100 2913 manibus
1119 2851 1318 2914 subscribere
1335 2849 1504 2933 jussimus.

452 2945 549 3017 Quod
571 2949 599 3010 si
622 2947 694 3030 quis
716 2949 786 3011 haec
814 2950 933 3033 scripta
955 2961 988 3012 et
1010 2949 1136 3012 decreta
1157 2961 1275 3014 nostrae
1302 2949 1504 3014 definitionis

450 3046 537 3108 irrita
557 3046 661 3108 lacere
681 3049 810 3126 nitetur,
825 3050 906 3112 sciat
919 3071 954 3113 se
970 3063 1042 3113 ante
1058 3050 1196 3114 tribunal
1212 3051 1331 3115 Christi
1346 3053 1503 3114 rationem

450 3143 658 3208 redditurum.
704 3148 820 3212 Actum
850 3150 982 3234 publice
1010 3151 1106 3235 juxta
1134 3152 1255 3214 flumen
1286 3151 1427 3216 Bladum
1456 3152 1501 3214 rii

398 3324 401 3330 .
453 3245 617 3310 Kalendas
633 3248 841 3331 Septembris,
857 3273 942 3314 anno
958 3250 1080 3315 incarn.
1097 3250 1217 3315 Christi
1234 3255 1306 3315 680.

493 3355 514 3420 †
537 3349 610 3430 Ego
626 3349 843 3427 Eleutherius,
859 3371 896 3413 ac
918 3351 946 3414 si
966 3351 1119 3433 indignus
1140 3352 1322 3436 episcopus,
1336 3362 1466 3435 rogatus
1480 3373 1502 3414 a

450 3450 610 3529 fratribus,
626 3449 710 3514 hanc
726 3449 910 3513 donationis
925 3450 1068 3514 chartam
1083 3451 1269 3535 subscripsi.

494 3557 514 3620 †
538 3551 612 3630 Ego
628 3549 830 3613 Cunebertus
845 3551 967 3625 Abbas,
985 3551 1168 3632 subscripsi.

494 3657 514 3718 †
537 3649 611 3730 Ego
627 3647 745 3711 Hcdde
763 3649 880 3724 Abbas,
895 3650 1082 3733 subscripsi.

494 3757 513 3817 †
537 3751 611 3831 Ego
626 3749 851 3831 Wynebertus,
867 3750 1041 3832 presbyter,
1057 3753 1242 3834 subscripsi.

494 3855 513 3916 i
539 3850 609 3930 Ego
627 3849 742 3927 Hiddi,
757 3851 931 3932 presbyter,
948 3851 1133 3934 subscripsi.

495 3956 514 4015 †
538 3951 610 4028 Ego
629 3947 757 4022 Hcdde,
775 3949 961 4031 subscripsi.

1611 876 1634 1441 ξ
