3759 5425
686 740 1102 791 oauoorausvrasrsorr.
1338 723 1404 784 toa

448 893 597 957 Annulus
611 907 645 958 et
659 896 753 980 eujus
768 896 906 961 muravit
918 897 1062 962 membra
1074 897 1201 981 pnellae.

447 992 591 1058 Plurima
605 1007 801 1082 quapropter
813 998 938 1082 patiens
953 997 1138 1062 discrimina
1152 997 1253 1077 virgo,

448 1091 584 1158 Pertulit
596 1095 631 1157 in
646 1097 737 1160 terris
750 1098 863 1161 insons
875 1099 1035 1180 ergastula
1048 1105 1138 1162 tetra

448 1192 514 1256 Sed
528 1196 604 1278 pius
618 1196 813 1282 adspectans
828 1199 980 1263 certantis
994 1200 1081 1263 bella
1093 1199 1211 1284 puellae
1326 1230 1329 1237 ·

450 1295 578 1359 Arbiter
591 1298 766 1364 horrendas
780 1298 934 1364 discessu
947 1301 1085 1365 oarosris
1099 1301 1241 1378 umbras,

445 1395 492 1460 Et
505 1398 626 1461 elatum
641 1399 716 1463 eoeli
729 1400 838 1464 lumen
853 1398 1031 1464 delumine
1045 1399 1140 1477 fudit,

445 1496 589 1579 Virginis
602 1509 640 1563 ut
653 1501 801 1566 tenebras
814 1521 881 1564 non
895 1501 1011 1565 ferrent
1023 1501 1147 1566 lumina
1161 1501 1276 1566 sunu·

446 1598 597 1664 Traditur
611 1601 654 1664 ad
667 1613 785 1666 tetrum
799 1613 976 1666 scortorum
991 1612 1081 1668 casta
1094 1604 1241 1686 lupanar,

447 1699 614 1772 Quatenus
627 1702 741 1766 incerti
757 1703 899 1766 fuseetru
912 1702 1046 1768 crimine
1061 1703 1161 1786 virgo,

447 1800 605 1885 Almaqoe
619 1803 782 1887 probrosis
795 1811 926 1866 notetur
939 1803 1004 1867 rita
1017 1803 1167 1888 loquelis,

449 1901 530 1974 Quae
544 1902 697 1968 infarme
713 1902 845 1968 student
858 1923 1025 1967 vernarum
1040 1904 1172 1968 nomina
1186 1901 1317 1980 Christi,

447 2003 493 2066 Ut
507 2004 646 2068 lacerus
660 2006 766 2068 solent
778 2005 928 2068 latrantes
946 2004 1038 2068 sance
1053 2004 1197 2068 molossi.

445 2103 539 2168 'llrne
554 2125 671 2189 procus
684 2103 814 2169 advenit
829 2105 930 2170 densa
944 2105 1117 2170 eomitante
1133 2113 1269 2183 celena,

445 2206 583 2271 Garrula
595 2207 741 2271 verbosis
755 2218 972 2292 contorquens
987 2208 1112 2292 spicula
1126 2207 1236 2286 labris,

445 2308 542 2382 Quod
556 2330 615 2373 sua
629 2309 808 2394 despiceret
822 2311 919 2374 cwle
931 2311 1094 2374 connubia
1108 2309 1200 2374 votis.

447 2408 513 2474 Sed
528 2411 620 2474 Deus
632 2411 777 2474 insontes
791 2411 849 2494 qui
864 2431 991 2494 semper
998 2410 1072 2495 jure
1086 2407 1273 2492 triumphat,

448 2511 508 2573 Irae
522 2511 661 2575 coelestis
674 2509 769 2595 punit
782 2529 934 2575 mucrone
949 2521 1080 2574 reatum.

446 2611 533 2675 Nam
545 2609 635 2674 dieto
650 2611 747 2676 eitius
761 2609 885 2675 crudeli
899 2612 1010 2676 funere
1024 2611 1122 2676 ritant

445 2712 600 2796 Liquerat
613 2713 765 2778 horrendi
779 2714 972 2796 contingens
987 2722 1101 2779 tartara
1116 2711 1204 2793 ditis,

445 2814 508 2887 Qui
524 2825 671 2880 sanetum
686 2814 788 2880 voluit
801 2817 968 2880 maculoso
982 2815 1099 2880 laedsre
1114 2826 1216 2897 gestu.

446 2915 529 2979 Mox
543 2916 641 3000 igitur
654 2918 805 3002 precibus
820 2917 957 3001 disrupit
971 2917 1101 2983 vincula
1114 2917 1235 2996 morde,

445 3016 572 3081 Pallida
584 3038 746 3102 purpureo
759 3028 939 3082 restaurans
952 3018 1096 3083 membra
1109 3020 1227 3085 colore.

448 3117 529 3190 Qun
545 3120 681 3184 multata
694 3117 785 3204 prins
798 3120 970 3202 torpebant
983 3119 1096 3202 frigore
1111 3119 1202 3197 letbi,

448 3218 613 3291 Quatenus
626 3219 704 3283 inde
718 3219 821 3283 forent
833 3219 939 3285 landis
954 3222 1115 3305 praeconia
1129 3220 1270 3299 Christo,

446 3319 543 3384 Unde
557 3320 646 3404 prius
660 3320 785 3384 fuerant
798 3320 923 3404 spurcis
937 3320 1078 3385 ludibria
1091 3321 1207 3386 verbis.

444 3420 530 3483 Nam
545 3419 789 3485 Constantinam
804 3420 927 3485 urent
940 3423 1052 3485 tumba
1066 3421 1217 3506 sepulcri,

445 3520 491 3584 Et
505 3521 730 3604 Sarcopbagus
745 3542 809 3605 qua
824 3530 962 3605 pausant
975 3521 1117 3585 membra
1131 3521 1258 3605 puella.

445 3622 492 3685 Ut
504 3622 618 3685 merito
632 3632 742 3706 posset
755 3621 917 3703 regnantis
931 3621 1002 3685 tilia
1015 3622 1100 3702 regis

443 3722 576 3786 AEterno
591 3722 659 3803 regi
673 3743 786 3805 regum
801 3721 859 3806 qni
872 3734 986 3803 regnat
998 3721 1033 3783 in
1047 3721 1157 3801 rethre,

446 3822 594 3887 Reddere
607 3822 797 3905 magnificas
811 3841 870 3904 pro
884 3821 951 3885 rita
964 3821 1084 3906 sospite
1100 3832 1214 3903 grates.

483 3926 583 4008 Virgo
598 3923 706 3988 dicata
720 3924 792 3987 Deo
806 3924 953 4007 plorebat
967 3932 1109 4006 tempore
1124 3923 1242 4007 priseo,

443 4026 583 4091 Nomine
597 4026 681 4089 bane
696 4024 852 4088 'lbeclam
868 4032 990 4087 veteres
1006 4022 1117 4087 dixere
1130 4035 1290 4107 parentes,

443 4129 524 4201 Qun
540 4146 693 4191 conversa
708 4126 769 4189 t'uit
783 4134 907 4189 sacrato
924 4123 1074 4207 dogmate
1089 4124 1193 4203 Pauli,

441 4230 487 4292 Et
501 4226 667 4294 Christum
682 4225 825 4309 sequitur
839 4223 1003 4289 connubia
1016 4237 1112 4308 pacta
1123 4226 1319 4309 relinquens.

442 4326 643 4411 Virginitatis
658 4347 748 4390 amor
760 4326 898 4407 flagrans
912 4325 947 4387 in
961 4323 1057 4390 eorde
1071 4326 1188 4409 puella

443 4426 562 4493 Dulcia
576 4425 747 4490 mundana
762 4424 883 4509 sprevit
895 4424 1056 4489 consortia
1070 4425 1155 4502 vitre,

445 4527 486 4593 ln
501 4549 566 4614 qua
581 4526 728 4591 funduit
741 4526 881 4591 eoelestis
897 4524 999 4607 gratia
1008 4537 1159 4607 mentem,
