3759 5425
643 722 685 766 or:
704 719 865 766 muninus
883 720 1116 765 vrnermrsrrs.
1357 710 1396 767 :31

347 876 517 956 ingerebat
530 874 739 958 prepollents
755 875 938 938 meritorum
959 875 1061 957 gratia
1076 874 1220 939 funditus
1235 877 1400 953 fatescere,

348 989 378 1040 et
390 979 506 1062 procul
521 987 559 1040 ut
571 976 783 1040 ridiculosum
798 977 990 1060 phantasma
1011 997 1202 1040 evanescere
1216 979 1302 1057 secit,
1317 979 1399 1063 pris·

349 1099 456 1142 eorum
473 1078 610 1142 delubra
631 1098 830 1160 paganorum
845 1099 866 1141 a
880 1078 1073 1142 cementario
1094 1079 1294 1162 politissimis
1313 1101 1399 1144 com-

347 1191 439 1263 pacta
459 1181 573 1264 petris,
594 1181 763 1264 rubrisque
793 1183 971 1262 tegularum
991 1181 1180 1244 imbricibus
1202 1190 1289 1246 tecta
1315 1203 1398 1246 mor·

349 1283 456 1346 talium
472 1281 625 1346 diffidens
640 1282 851 1360 adminiculo,
865 1294 899 1346 et
913 1283 1110 1364 Angelorum
1126 1282 1224 1347 fretus
1238 1285 1399 1367 suffragio,

348 1384 419 1466 quia
435 1385 564 1462 hastati,
575 1396 608 1448 et
623 1387 738 1450 scutati
753 1385 872 1449 farnulo
888 1387 952 1449 Dei
965 1384 1151 1468 praesidium
1165 1386 1259 1449 laturi
1274 1389 1398 1451 venisse

348 1486 506 1568 leguntur,
521 1489 592 1552 solo
607 1499 701 1552 tenus
716 1488 821 1553 diruta
836 1489 1012 1574 quassavit,
1027 1488 1149 1564 evertit,
1164 1487 1331 1552 destmxit.

388 1591 535 1653 XXVII.
563 1591 740 1675 Gregorius
762 1592 981 1656 Nazianzenus
1004 1591 1164 1655 Ecclesia
1194 1593 1398 1673 gubernator,

348 1691 433 1772 apud
450 1693 607 1769 Athenas,
625 1693 701 1778 (qua
715 1715 773 1777 per
785 1693 871 1756 idem
887 1705 1014 1777 tempus
1028 1693 1219 1774 rumigemla
1231 1694 1398 1758 Gramma

348 1792 481 1856 ticonrm
507 1795 609 1876 gloria
628 1806 660 1860 et
682 1794 916 1860 clandestinum
944 1795 1149 1859 Academica·
1170 1795 1399 1880 disputationis

348 1893 511 1976 sophisma
541 1898 720 1979 pollebant)
752 1900 876 1962 oaeteris
912 1897 1210 1980 incomparabiliter
1246 1896 1400 1977 eruditus,

348 1993 461 2058 Basilii
484 1996 519 2058 in
542 1997 783 2082 Philosophicis
812 1998 1019 2079 dogmatibus
1041 1998 1295 2082 condiscipulus,
1317 1999 1401 2063 sicut

346 2093 394 2156 Xl
424 2095 666 2162 Ecclesiasticae
688 2100 772 2163 liber
795 2100 936 2164 historie
959 2098 1150 2176 manifestat,
1173 2120 1248 2163 cum
1270 2121 1289 2163 a
1310 2099 1400 2163 rudis

345 2196 490 2262 infantia
514 2199 726 2264 teneritudine
752 2201 927 2284 corporalis
951 2201 1112 2264 illecebrae
1139 2211 1340 2284 contemptor
1365 2211 1399 2264 et

346 2295 517 2379 zelotypus
546 2298 700 2362 castitatis
735 2310 857 2363 amator
893 2299 1057 2376 existeret,
1085 2299 1229 2382 pulchrae
1265 2300 1398 2364 visionis

346 2409 500 2471 oromate,
525 2421 639 2462 somno
668 2401 807 2484 sopitum
837 2402 1010 2464 clementer
1038 2402 1167 2477 solatur,
1193 2401 1246 2463 cui
1270 2412 1400 2486 propter

347 2499 511 2582 Virginale
533 2501 667 2584 pudoris
691 2501 890 2586 propositum
920 2510 954 2564 et
976 2503 1161 2585 gymnicum
1185 2501 1398 2585 philosophiae

345 2600 490 2664 studium
513 2603 548 2664 in
572 2604 700 2682 gemino
721 2603 879 2668 foeminini
902 2623 1002 2665 sexus
1023 2603 1193 2666 simulacro
1215 2604 1346 2667 castitas
1366 2616 1400 2667 et

345 2702 505 2784 sapientia
539 2726 597 2787 per
630 2727 776 2789 soporem
807 2703 994 2789 apparuisse
1029 2702 1262 2767 describuntur.
1320 2704 1396 2770 Hoc

347 2802 444 2865 modo
468 2804 623 2867 Sanctum
653 2805 696 2869 ad
717 2804 909 2887 integritatis
938 2823 1091 2866 coronam
1117 2802 1323 2867 cohortantes
1352 2805 1397 2868 al-

345 2903 536 2988 loquuntur:
563 2908 673 2971 Altera
686 2908 771 2971 enim
787 2927 829 2971 ex
843 2906 938 2970 nobis
952 2905 1132 2989 sepientia3
1154 2906 1253 2969 altera
1267 2907 1398 2973 castitas

347 3001 484 3081 dicitur3
518 3019 551 3069 et
571 3007 674 3071 missae
690 3028 801 3071 sumus
821 3028 841 3071 a
863 3005 1005 3069 Domino
1026 3017 1134 3069 tecum
1151 3004 1304 3086 habitare,
1320 3010 1398 3092 quia

342 3100 525 3185 jocundum
548 3108 655 3188 nobis,
677 3120 709 3172 et
731 3109 808 3173 satis
830 3107 986 3170 mundum
1009 3107 1041 3168 in
1065 3106 1162 3170 corde
1191 3118 1247 3172 tuo
1270 3110 1396 3175 habite·

345 3206 453 3270 culum
479 3212 678 3292 praeparasti,
699 3210 791 3294 cujus
814 3208 930 3272 somnii
954 3206 1139 3292 conjectura
1160 3212 1270 3293 colligi
1292 3213 1398 3277 ethis

347 3309 543 3388 argumentis
581 3312 789 3377 animadverti
825 3312 874 3375 sas
906 3322 965 3386 est,
996 3311 1136 3375 eundem
1171 3314 1397 3398 hujuscemodi

347 3413 531 3476 meritorum
561 3414 783 3479 munificentia
804 3412 985 3498 praeditum,
1008 3414 1118 3477 illesa
1140 3415 1284 3495 puritatis
1306 3437 1396 3479 eoro-

345 3532 420 3575 nam
452 3537 554 3599 neque
581 3516 622 3580 ad
649 3526 765 3580 metam
791 3515 884 3579 sortis
907 3535 1063 3597 supremas
1088 3513 1255 3579 indefessis
1276 3517 1397 3580 viribus

346 3632 579 3700 usquequaque
595 3618 783 3691 custodisse,
795 3616 972 3700 proesertim
984 3637 1059 3679 oum
1075 3615 1115 3679 de
1131 3614 1188 3678 illo
1199 3628 1328 3681 sennim
1343 3620 1396 3683 sit

348 3714 458 3799 Hujus
480 3738 586 3800 neque
609 3718 673 3781 rita
693 3716 816 3802 ahquid
838 3717 1037 3801 probabilius
1059 3728 1091 3779 et
1119 3718 1270 3795 sanctius,
1291 3739 1396 3803 neque

348 3818 534 3903 eloquentia
549 3822 665 3885 clarius
679 3834 712 3885 et
725 3821 888 3899 illustrius,
898 3841 1002 3904 neque
1018 3820 1081 3883 fide
1097 3818 1207 3903 purius
1222 3834 1255 3885 et
1269 3822 1398 3903 rectius,

347 3940 454 4005 neque
474 3924 611 3986 scientia
629 3922 755 4006 plenius
777 3932 810 3985 et
828 3922 1002 4003 perfectius
1022 3920 1156 3983 inveniri
1177 3934 1293 4004 potest,
1307 3926 1396 4007 quod

349 4022 501 4087 Rnffinus
525 4026 608 4088 mira
623 4025 790 4087 verborum
813 4023 994 4087 urbanitate
1014 4021 1186 4104 praedituS,
1201 4023 1235 4085 in
1258 4027 1395 4109 prologo

348 4126 562 4208 Apologetico
585 4126 713 4210 plenius
732 4124 892 4208 exposuit.
938 4123 1079 4186 Basilius
1093 4122 1245 4186 Pontifex
1259 4136 1292 4188 et
1311 4128 1396 4190 cele·

347 4227 502 4291 berrimus
532 4224 726 4311 Cappadox,
751 4226 886 4289 Athenis
916 4245 1009 4308 aeque
1035 4234 1071 4287 ut
1099 4224 1250 4307 praesatus
1272 4227 1397 4309 collega

349 4328 532 4393 Rhetoricis
547 4328 779 4411 sophismatum
793 4326 927 4391 edoctus
942 4325 1131 4408 disciplinis,
1146 4324 1201 4408 qui
1221 4328 1394 4409 regularem

348 4430 539 4495 Monasticae
566 4429 815 4495 conversationis
836 4447 980 4491 normam
1004 4426 1179 4509 reciprocis
1203 4426 1395 4491 schedarum

347 4530 618 4595 sciscitationibus
633 4531 748 4595 vicaria
761 4528 923 4592 literarum
944 4527 1097 4591 relatione
1112 4525 1310 4610 respondens
1323 4529 1396 4590 lucc
