3759 5425
637 696 794 743 arrarum
809 699 852 743 an
867 698 1043 758 acracruu,
1058 699 1130 745 xro.
1342 686 1405 745 26⁷

683 854 713 911 2.
738 850 789 913 De
807 851 1080 931 supportaria.

443 950 494 1011 En
513 952 620 1031 plures
632 949 782 1015 debrians
797 951 951 1035 impendo
964 953 1083 1035 pocula
1098 952 1233 1027 Bacchi,

444 1050 570 1113 Vinitor
585 1053 744 1135 expressit
758 1074 830 1136 quae
846 1053 1096 1117 flavescentibus
1111 1052 1192 1130 uvis,

441 1150 619 1235 Pampinus
633 1162 666 1215 et
681 1152 772 1217 viridi
788 1154 898 1234 genuit
913 1153 955 1217 de
968 1154 1101 1236 palmite
1116 1154 1230 1232 botris,

443 1252 582 1315 Nectare
598 1254 754 1337 cauponis
770 1256 937 1337 complens
952 1276 995 1317 ex
1010 1255 1073 1318 vite
1087 1256 1261 1319 tabernam.

443 1352 497 1415 Sic
514 1374 586 1417 mea
601 1363 788 1437 turgescunt
802 1354 843 1419 ad
858 1357 994 1439 plenum
1004 1356 1126 1420 viscma
1140 1365 1261 1420 musto:

442 1452 486 1515 Et
501 1464 607 1517 tamen
622 1456 770 1519 inflatum
784 1477 851 1519 non
868 1468 964 1519 vexat
977 1459 1110 1541 crapula
1126 1477 1256 1540 corpus,

442 1554 595 1625 Quamvis
609 1556 671 1619 hoc
687 1567 798 1621 nectar
811 1557 957 1621 centenis
970 1557 1112 1623 hauserit
1125 1558 1224 1622 urnis.

442 1654 553 1719 Proles
567 1678 636 1719 aum
652 1666 742 1721 terrae
761 1658 901 1738 gliscens
915 1659 949 1721 in
964 1659 1100 1723 saltibus
1114 1660 1199 1723 altis.

444 1757 612 1821 Materiam
628 1759 740 1823 cuneis
755 1758 850 1823 findit
865 1759 921 1823 sed
936 1761 1040 1824 cultor
1054 1762 1199 1843 agrestis,

446 1859 544 1922 Pinos
559 1868 706 1923 evertens
721 1860 802 1925 altas
816 1871 849 1923 et
862 1862 979 1925 robora
992 1861 1082 1925 ferro.

741 1966 771 2023 8.
797 1960 848 2025 De
863 1960 1027 2039 Lucifero.

446 2061 581 2144 Semper
595 2084 655 2145 ego
670 2064 791 2127 clarum
805 2062 954 2147 praecedo
968 2064 1090 2127 lumine
1103 2065 1214 2129 lumen

448 2162 588 2243 Signifer
602 2178 635 2227 et
650 2164 779 2241 Phoebi‚
794 2165 907 2228 lustrat
918 2164 974 2248 qui
989 2163 1143 2249 limpidus
1157 2166 1278 2242 orbem,

442 2262 504 2327 Per
519 2265 637 2328 coelum
651 2264 799 2347 gradiens
814 2266 947 2349 obliquo
961 2265 1085 2329 tramite
1100 2266 1227 2330 flector:

443 2364 532 2427 ans
546 2376 653 2448 partes
668 2366 710 2429 ad
725 2366 867 2431 medium
877 2367 977 2451 jubar
990 2366 1067 2431 inde
1081 2368 1212 2431 meabit.

444 2464 581 2529 Finibus
596 2466 748 2530 Indorum
764 2477 899 2531 cernunt
914 2468 969 2551 qui
984 2467 1108 2530 lumina
1121 2467 1217 2552 primi

445 2567 474 2631 0
489 2566 567 2629 felix
583 2569 658 2631 olim
672 2578 796 2631 serrata
810 2569 880 2651 lege
895 2568 1061 2633 Tonantis.

445 2668 522 2733 Heu
536 2668 685 2752 posthoc
700 2667 804 2733 cecidi
818 2678 965 2752 proterva
979 2679 1086 2732 mente
1100 2670 1268 2751 superbus,

446 2771 537 2834 Ultio
553 2782 746 2854 quapropter
760 2770 924 2834 funestum
938 2770 1077 2856 perculit
1090 2771 1226 2836 bostem

446 2873 514 2937 Sex
527 2871 624 2955 igitur
638 2873 772 2938 comites
785 2893 914 2936 mecum
929 2893 1027 2957 snper
1040 2872 1159 2937 oetbera
1173 2872 1343 2951 scandunt,

447 2977 576 3039 Gnarus
590 2996 673 3059 quos
688 2975 806 3059 poterit
820 2996 878 3059 per
892 2976 1009 3059 byblos
1024 2975 1166 3059 pandere
1179 2977 1290 3041 lector.

760 3083 791 3138 4.
821 3076 873 3140 De
887 3079 1009 3141 Plruro.

440 3178 594 3261 Rupibus
608 3180 643 3242 in
658 3180 752 3243 celsis
768 3201 833 3262 qua
847 3179 987 3245 tundunt
1001 3182 1119 3244 cenna
1133 3191 1243 3245 cautes

445 3279 489 3342 Et
503 3280 578 3344 salis
592 3282 752 3346 undantes
766 3289 954 3363 turgescunt
968 3303 1095 3365 aequore
1110 3282 1244 3355 fluctus;

446 3380 602 3444 Machina
616 3403 667 3446 me
682 3383 814 3446 summis
829 3383 1010 3446 construxit
1024 3383 1164 3446 molibus
1178 3382 1328 3467 amplam.

448 3479 623 3561 Navigeros
637 3483 736 3546 calles
750 3494 786 3546 ut
799 3481 940 3565 pandam
957 3482 1114 3545 classibus
1127 3480 1240 3545 index.

447 3579 523 3643 Non
539 3582 634 3646 maris
649 3604 813 3666 aequoreos
827 3583 1001 3646 lustrabam
1015 3582 1135 3662 remige
1150 3603 1294 3666 campos,

448 3680 518 3743 Nec
533 3681 657 3744 ratibus
671 3692 806 3765 pontum
822 3681 989 3744 sulcabam
1003 3680 1128 3743 tramite
1143 3681 1229 3745 flexo

447 3779 492 3842 Et
505 3790 612 3844 tamen
629 3781 793 3844 immensis
808 3790 948 3844 errantes
962 3778 1115 3844 fluctibus
1130 3791 1220 3846 actos

448 3881 584 3945 Arcibus
598 3882 740 3946 excelsis
755 3882 885 3964 signans
900 3877 943 3944 ad
957 3879 1064 3943 littora
1078 3878 1174 3960 duco,

448 3983 638 4063 Flammiger
655 3983 826 4068 imponens
841 3993 943 4046 torres
956 3982 992 4046 in
1006 3983 1147 4047 turribus
1161 3983 1248 4061 altis,

449 4087 551 4169 ignea
564 4088 726 4152 brumales
743 4086 820 4150 dum
835 4086 981 4150 condunt
995 4084 1100 4149 sidera
1113 4085 1225 4150 nimbi.

637 4205 822 4249 nurousrs
838 4203 1130 4250 annnxcssrrcns.

379 4295 405 4352 l.
434 4293 481 4353 De
496 4291 616 4352 Palma
631 4287 757 4364 ardore,
772 4305 848 4370 quce
862 4287 992 4366 dactylo
995 4286 1194 4366 soecundnta
1199 4285 1398 4368 frondescit.

448 4391 662 4476 Omnipotens
677 4396 780 4452 rector
795 4401 876 4451 nutu
892 4386 947 4470 qui
964 4396 1088 4450 cuncta
1102 4386 1232 4450 creavit

448 4495 511 4565 Qui
527 4493 617 4557 dedit
632 4494 664 4556 iu
681 4488 802 4552 mundo
817 4501 882 4554 tam
899 4489 1014 4552 victrix
1029 4510 1147 4552 nomen
1164 4489 1356 4555 babendum.
