3759 5425
751 1108 955 1188 Exceptum
970 1128 1013 1171 ea
1029 1107 1127 1171 Besa
1141 1109 1231 1172 Hist
1248 1110 1336 1173 Ecc.
1352 1132 1383 1183 r,
1401 1113 1443 1171 ts.
1566 1105 1568 1170 l

612 1270 632 1305 “
648 1270 745 1332 Asso
761 1264 943 1329 Dominicis
953 1264 1185 1328 incarnationis
1194 1265 1475 1348 septingentesimo
1483 1262 1537 1343 qnia

569 1367 712 1433 Alfridus
722 1368 799 1430 Rex
813 1364 1171 1428 Northanhumbrorum
1181 1364 1362 1429 defunctus
1372 1375 1544 1440 estasim

569 1470 620 1534 sui
634 1470 785 1533 vicesimo
799 1466 941 1531 necdum
954 1467 1106 1551 impleto3
1128 1468 1184 1530 cni
1197 1466 1387 1531 succedens
1405 1466 1437 1528 in
1448 1460 1547 1545 imperia

569 1569 655 1633 filius
669 1590 746 1632 suus
770 1566 923 1645 Osredns,
937 1588 1018 1651 puer
1040 1579 1113 1631 octo
1136 1568 1269 1631 circiter
1291 1586 1455 1641 annornm,
1471 1579 1545 1642 ngas

568 1669 662 1734 annis
691 1668 851 1733 undecim.
896 1666 1007 1751 Hujus
1031 1668 1126 1749 regni
1154 1669 1323 1752 principio
1352 1667 1475 1731 antistes
1491 1661 1548 1723 Oti:-

567 1769 680 1833 talium
709 1768 875 1831 Saxonum
904 1766 1025 1831 Hedda
1052 1770 1213 1832 caelestem
1249 1768 1406 1850 migrarit
1432 1763 1468 1827 ad
1488 1761 1538 1820 titt

566 1871 673 1933 bonus
697 1868 819 1952 quippe
838 1878 906 1931 erat
926 1887 965 1930 ac
983 1868 1091 1953 J'ustns
1116 1876 1148 1931 et
1175 1869 1404 1952 episcopalem
1427 1860 1542 1933 nutas

568 1967 758 2045 doctrinam,
779 1967 883 2049 magis
904 1968 1003 2031 insito
1029 1968 1091 2030 sibi
1113 1968 1267 2031 virtutum
1296 1988 1419 2043 amore,
1437 1960 1547 2048 quanli·

566 2067 707 2131 tionibus
738 2067 902 2130 institutus
925 2069 1111 2131 exercebat
1152 2068 1310 2152 Denique
1341 2063 1546 2132 reverendiss

565 2165 694 2231 antistes
729 2166 969 2245 Pechthelmus,
994 2167 1036 2231 de
1064 2168 1189 2252 quoin
1221 2170 1439 2255 sequentibus
1458 2186 1503 2227 sno
1517 2163 1538 2219 lo.

566 2264 739 2331 dicendum
765 2274 824 2343 est,
845 2263 902 2348 qui
926 2285 1002 2329 cnm
1026 2285 1210 2329 successore
1232 2287 1295 2330 suo
1320 2256 1565 2329 aldhelmus:

565 2380 707 2451 tempore
729 2366 837 2430 adhuc
859 2365 1017 2429 diaconus
1046 2366 1112 2428 sive
1134 2368 1318 2432 monachus
1340 2368 1411 2439 fnit,
1430 2363 1516 2427 retent
1528 2372 1547 2414 τι

566 2470 691 2542 solitus,
714 2466 802 2552 quod
831 2466 866 2528 in
895 2466 981 2545 loco,
1009 2487 1074 2551 quo
1103 2467 1276 2533 delimatus
1306 2480 1370 2544 est,
1399 2467 1439 2530 ob
1462 2460 1545 2525 maire

567 2569 746 2635 sanctitatis
775 2566 845 2650 ejus
874 2567 974 2629 multa
1000 2567 1172 2630 sanitatum
1200 2568 1267 2632 sint
1294 2576 1423 2653 patrata
1448 2555 1547 2626 mimia

565 2671 775 2755 hominesque
792 2666 966 2753 provincia
980 2665 1068 2730 illius
1076 2667 1190 2731 solitos
1204 2670 1354 2734 oblatum
1363 2666 1436 2732 inde
1447 2662 1541 2749 pulser:

565 2784 696 2858 propter
709 2775 900 2852 languentes
914 2769 949 2832 in
964 2790 1079 2854 aquam
1094 2770 1230 2850 mittere,
1243 2783 1346 2856 atque
1368 2769 1458 2852 hujus
1468 2775 1543 2845 gusta

566 2875 635 2939 sive
656 2872 883 2957 aspersionem,
899 2870 1009 2933 multis
1030 2870 1198 2934 sanitatem
1219 2875 1352 2953 egrotis
1376 2882 1410 2935 et
1427 2859 1546 2931 homnis

565 2982 600 3037 et
620 2973 793 3055 pecoribus
815 2969 973 3046 conferre3
1004 2972 1243 3054 propterquod
1269 2971 1429 3058 frequenti
1447 2960 1547 3028 ablron

564 3073 704 3156 pulveris
719 3073 802 3135 sacri
818 3071 902 3134 fossa
915 3071 959 3133 sit
972 3069 1094 3134 ibidem
1108 3072 1193 3135 facta
1207 3094 1274 3136 non
1288 3073 1431 3137 minima

607 3173 680 3245 Quo
709 3170 872 3249 defuncto,
901 3170 1108 3254 episcopatus
1143 3173 1319 3254 provinciae
1349 3173 1435 3236 illins
1462 3160 1546 3230 indiE

564 3272 733 3358 pamchias
748 3270 870 3335 divisus
885 3279 954 3346 est;
974 3270 1127 3334 nnadata
1137 3272 1265 3336 Danieli
1268 3295 1389 3359 ,quam
1397 3255 1545 3353 nsquehol

565 3375 657 3458 regit,
684 3374 784 3438 altera
811 3372 993 3450 Aldhelmo,
1023 3372 1077 3436 cui
1105 3373 1199 3436 annis
1227 3386 1368 3458 quatuor
1394 3361 1546 3438 manusb·

566 3474 708 3562 prefuit:
732 3473 826 3538 ambo
855 3481 888 3534 et
916 3470 951 3533 in
976 3473 1071 3536 rebus
1097 3474 1325 3538 ecclesiasticis
1354 3487 1388 3538 et
1413 3473 1445 3535 in
1467 3465 1546 3529 scient

566 3577 811 3660 Scripturamm,
826 3573 1039 3636 sufficienter
1031 3574 1188 3637 instructi
1232 3574 1399 3658 Denique,
1408 3565 1542 3636 Aldhelnt

566 3700 640 3745 cum
667 3675 771 3741 adhuc
797 3683 882 3738 esset
905 3675 1073 3758 presbyter
1097 3683 1131 3739 et
1159 3677 1270 3740 Abbas
1298 3652 1545 3743 monasterus

565 3777 717 3844 Maildnfi
739 3776 850 3838 urbem
871 3774 1051 3851 nominant,
1077 3775 1215 3858 scripsit,
1231 3775 1369 3860 jubente
1392 3766 1498 3859 synodo
1512 3776 1542 3819 ,aa

565 3879 695 3970 gentis,
693 3877 811 3941 librum
833 3876 996 3958 egregium
1018 3874 1170 3939 adversus
1191 3898 1327 3942 errorem
1348 3878 1544 3942 Britonunql

564 3980 615 4042 rel
636 3977 763 4041 Pascha
783 3997 849 4039 non
871 3995 928 4038 suo
944 3985 1088 4058 tempore
1110 3977 1283 4055 celebrant,
1302 3979 1352 4041 vel
1372 3977 1433 4042 alia
1450 3963 1542 4055 perplnr

565 4075 792 4144 ecclesiastice
807 4075 945 4138 castitati
960 4085 991 4136 et
1011 4073 1085 4156 paci
1107 4075 1265 4140 contraria
1287 4089 1410 4159 gerunt,
1423 4071 1542 4140 mutan

564 4198 683 4255 eorum,
706 4175 763 4259 qui
786 4172 1049 4238 Occidentalibus
1073 4174 1257 4240 Saxonibns
1279 4177 1401 4242 subditi
1421 4179 1492 4240 erant
1507 4157 1542 4223 3¹²³

562 4290 666 4356 tonas,
693 4275 735 4339 ad
765 4275 967 4338 Catholicam
997 4274 1164 4339 Dominici
1192 4276 1326 4340 Pascha
1360 4268 1543 4342 celebratum

561 4379 657 4463 hujus
671 4375 810 4439 lectione
825 4374 984 4457 perduxit.
1029 4376 1163 4458 Scripsit
1184 4377 1271 4440 etde
1286 4378 1466 4459 virginitate
1476 4367 1542 4431 Jtmn

563 4477 717 4540 eximium
740 4495 836 4558 quem
856 4475 889 4537 in
911 4476 1094 4558 exemplum
1117 4476 1249 4555 Seduni,
1269 4478 1429 4558 geminato
1448 4471 1543 4567 operef*

560 4575 706 4633 versibus
720 4575 914 4635 hexametris
936 4587 968 4637 et
989 4596 1093 4656 prosa,
1109 4581 1297 4660 composuit
1342 4579 1469 4663 Scripsit
1482 4561 1540 4631 ettiu
