3759 5425
659 727 702 772 os
719 725 882 772 montana
897 724 1132 770 vrnemrrarrs.
1371 711 1413 770 38

351 878 512 942 ineffabili
525 879 675 943 virtutum
685 881 784 962 gratia
794 879 957 964 praeditus,
967 899 1072 962 usque
1082 899 1248 962 supremos
1258 889 1411 942 terrarum

351 979 503 1044 cardines
524 1002 651 1044 rumore
673 983 777 1044 clarus
802 979 995 1066 percrebuit,
1016 979 1104 1063 quod
1124 979 1254 1061 plenius
1276 978 1318 1042 de
1340 979 1411 1063 ejus

350 1081 467 1146 virtute
497 1083 725 1147 miraculorum
754 1082 962 1155 Athanasius,
992 1080 1231 1145 Alexandrinus
1267 1079 1411 1156 antistes,

350 1183 470 1268 simplo
500 1184 660 1247 volumine
694 1184 856 1267 patefecit,
881 1183 1021 1264 Evagrio
1057 1183 1092 1245 in
1123 1182 1274 1246 Latinum
1310 1193 1410 1246 uana

352 1284 486 1350 ferente.

394 1386 517 1466 Paulus
537 1385 649 1449 itidem
672 1387 811 1469 inclytus
841 1396 874 1448 et
897 1385 1029 1450 Petrum
1058 1385 1291 1460 celeberrimus,
1313 1385 1411 1468 quia

350 1489 470 1569 pellaci
487 1509 603 1570 genero
625 1509 725 1552 coecae
741 1487 904 1572 cupidinis
924 1487 1121 1570 philargiriae
1141 1486 1277 1571 decepto
1299 1498 1411 1552 contra

344 1589 421 1672 jura
445 1599 567 1654 naturae
589 1591 736 1674 proditus
758 1601 790 1654 ct
807 1590 1003 1674 publicatus,
1022 1612 1042 1654 a
1062 1591 1215 1674 pn'maevo
1233 1591 1409 1673 pubertatis

349 1692 509 1774 tyrocinio
539 1691 755 1776 memphiticae
785 1690 969 1755 solitudinis
997 1691 1123 1754 deserta
1143 1701 1323 1775 penetrans,
1345 1713 1409 1776 qua

350 1794 489 1857 carnalis
525 1793 688 1878 spurcitiae
723 1792 946 1857 blandimenta
980 1794 1149 1871 fatescunt,
1185 1804 1219 1856 et
1251 1793 1407 1856 mundani

349 1895 458 1958 luctus
480 1897 718 1960 oblectamenta
739 1897 906 1974 vilescunt,
929 1897 1105 1960 horrendos
1129 1898 1309 1960 belluarum
1335 1897 1406 1960 bar·

348 1995 429 2060 ritus
460 2007 493 2060 ct
517 2001 717 2062 truculentos
747 1999 1051 2062 leonumfremitus
1080 1997 1222 2062 ardentis
1248 1997 1326 2060 fidei
1351 1997 1407 2061 de-

348 2098 520 2162 fensaculo
535 2099 633 2162 fretus
647 2099 825 2183 intrepidus
840 2107 1085 2182 contempserat,
1101 2108 1236 2163 consuta
1250 2099 1409 2164 duntaxat

347 2200 528 2281 palmarum
544 2201 653 2281 plecta
666 2211 699 2262 et
713 2221 771 2284 pro
786 2198 873 2261 dulci
887 2199 1086 2283 dactylorum
1098 2201 1210 2282 sagina
1224 2201 1406 2284 squalidum

347 2311 534 2365 sustentans
564 2305 792 2386 corpusculum
820 2313 941 2366 naturae
972 2303 1118 2367 debitum
1141 2304 1241 2368 solvit.
1287 2306 1406 2368 Nonne

347 2413 481 2485 propter
507 2403 651 2467 florentis
674 2403 839 2488 pudicitiae
869 2403 1088 2468 castimoniam
1113 2403 1177 2468 fine
1198 2416 1293 2468 tenus
1314 2407 1406 2469 inex-

348 2505 488 2568 tricabili
504 2506 657 2588 repagulo
678 2518 894 2570 conservatam
915 2507 967 2570 bis
987 2506 1072 2570 senis
1090 2519 1269 2590 temporum
1288 2507 1406 2584 lustris,

346 2603 381 2668 id
411 2616 472 2680 est,
501 2606 601 2669 vicies
638 2617 728 2669 terna
757 2628 912 2670 annorum
949 2607 1191 2691 intercapedine
1226 2608 1407 2670 buccellam

347 2707 499 2770 crustulae
529 2707 765 2790 semi-plenam,
787 2729 883 2791 quam
909 2706 1065 2791 penniger
1085 2728 1210 2789 praepes
1237 2705 1407 2771 indefessis

347 2808 558 2873 famulatibus
572 2820 607 2874 et
626 2808 799 2893 reciprocis
813 2812 975 2874 volatibus
989 2812 1098 2874 hiulco
1117 2809 1292 2873 advexerat
1304 2821 1406 2874 rostro

347 2930 450 2995 usque
460 2910 659 2998 decrepitam
669 2913 740 2977 ritae
749 2922 911 2977 senectam
919 2912 1146 2975 inexhaustam
1155 2910 1406 2994 gratulabundus

347 3022 485 3097 accepto
498 3013 580 3075 serre
594 3012 776 3095 promeruit.

391 3115 522 3177 XXIX.
544 3115 694 3178 Hilarion
710 3116 949 3199 opinatissimus
963 3114 1132 3178 Palestinae
1152 3114 1336 3179 solitudinis
1350 3136 1403 3180 ac·

347 3218 433 3294 cola,
442 3216 594 3280 Etbnicis
603 3216 790 3299 parentibus
800 3218 959 3281 idolorum
969 3217 1101 3280 culturae
1114 3216 1231 3280 deditis
1240 3216 1405 3293 oriundus,

346 3338 421 3381 rosa
446 3327 484 3382 ut
505 3317 623 3381 dicitur
646 3317 826 3382 rubicunda
852 3317 893 3381 de
919 3317 1053 3401 spinetis
1078 3319 1175 3398 vulgo
1198 3318 1405 3381 nascentibus

346 3420 468 3482 florens
477 3440 516 3482 ea
527 3430 726 3502 tempestate,
736 3442 800 3504 qua
807 3420 982 3504 pradictus
994 3420 1152 3483 Antonius
1160 3441 1218 3504 per
1228 3420 1404 3503 AEgyptum

347 3523 466 3585 celebri
488 3522 571 3585 fama
590 3522 790 3603 vulgabatur,
813 3522 935 3599 claruit,
955 3521 1047 3605 cujus
1067 3520 1163 3584 vitam
1185 3522 1404 3604 Hieronymus

347 3625 489 3689 coelestis
515 3622 721 3687 bibliothecae
751 3623 900 3704 egregius
923 3622 1026 3686 cultor
1049 3623 1330 3703 universarumque
1355 3621 1404 3682 in·

345 3736 521 3810 terpretum
550 3726 828 3809 praestantissimus
865 3724 960 3788 tantis
988 3724 1177 3808 opinionum
1211 3722 1404 3785 rumusculis

346 3830 495 3907 extollit3
529 3841 565 3892 ut
579 3829 759 3892 Homerum
782 3850 913 3913 quoque
929 3828 955 3891 si
970 3829 1012 3892 ab
1033 3827 1142 3890 inferis
1156 3836 1332 3906 emergeret
1352 3827 1403 3889 vel

346 3932 490 3995 inridere
502 3932 644 3997 materiae
660 3931 758 4009 dicat,
769 3933 819 3995 vel
834 3931 1054 4007 succumbere,
1063 3929 1119 4013 qui
1134 3929 1176 3990 ob
1191 3929 1402 4009 integritatem

346 4033 544 4097 castimoniae
557 4031 808 4096 conservandam
817 4031 997 4095 mortalium
1010 4029 1221 4093 contubernia
1235 4028 1403 4092 declinans

346 4135 449 4217 primo
459 4133 637 4216 pubertatis
645 4143 785 4215 tempore
799 4130 986 4215 squallentis
996 4129 1094 4193 eremi
1104 4129 1401 4193 vastitatemlustra·

346 4245 448 4312 turus,
461 4236 553 4319 prius
575 4255 660 4317 pene
683 4232 962 4317 contemplativam
979 4252 1077 4314 quam
1091 4230 1277 4312 practicam,
1292 4242 1404 4294 contra

343 4358 449 4401 rerum
472 4346 633 4413 naturam,
656 4334 742 4399 rudis
767 4333 925 4397 habitator
951 4333 1099 4395 exercuit
1118 4331 1226 4408 vitam,
1248 4333 1400 4395 lascivam

345 4442 446 4505 atatis
456 4440 672 4524 petulantiam
680 4438 827 4501 famelica
835 4433 1403 4519 frugalitatisparsimoniacrudelitcr

345 4546 516 4628 castigans.
562 4543 637 4624 Ego
648 4540 818 4625 te,inquit,
829 4540 964 4604 asellum
975 4537 1101 4615 faciam,
1112 4548 1224 4600 utnon
1236 4537 1401 4609 calcitrea5

868 4658 889 4702 o
