3759 5425
704 774 750 818 ΒΕ
766 777 931 824 muninus
947 781 1126 826 vntoth'urt.

485 922 638 1006 Tingeret
653 929 793 994 infantes
808 933 960 1016 baptismi
976 935 1101 1017 gurgite
1117 954 1247 1008 mersos,

491 1021 562 1087 Ceu
579 1026 661 1092 foret
674 1032 810 1096 antistes
826 1047 953 1099 secroto
968 1056 1055 1100 more
1071 1035 1189 1100 dicatu.

485 1121 579 1188 Talia
592 1127 685 1209 signa
700 1151 824 1194 sacrum
840 1135 1038 1218 portendunt
1052 1157 1122 1199 esse
1138 1136 1288 1211 futurum,

486 1224 646 1313 Prospera
658 1233 747 1315 quod
763 1255 868 1298 rerum
883 1235 1009 1318 liquido
1024 1237 1150 1300 fortuna
1164 1234 1315 1300 declarat.

488 1326 562 1392 Hoc
579 1341 706 1411 gestum
721 1333 807 1398 ludis
820 1337 949 1419 apicum
966 1335 1022 1401 sed
1039 1339 1123 1402 seria
1137 1338 1276 1414 firmant,

486 1430 598 1493 Almus
614 1434 797 1500 Alexander
810 1458 884 1500 cum
901 1439 997 1502 vitam
1014 1439 1122 1502 funere
1138 1439 1263 1502 clausit.

486 1529 562 1595 Post
576 1531 647 1598 baec
664 1538 821 1602 successit
835 1539 953 1603 florens
968 1539 1163 1604 Athanasius
1178 1559 1260 1602 aevo:

487 1632 550 1704 Qui
565 1637 673 1718 gregis
686 1639 845 1702 excubias
859 1652 895 1703 ut
908 1653 1017 1726 pastor
1031 1641 1115 1704 ovile
1130 1651 1251 1704 tuetur:

489 1732 610 1801 Contra
623 1738 788 1804 belvarum
803 1742 941 1820 fraudes,
956 1743 1119 1828 rictusque
1135 1744 1294 1827 luporum,

487 1836 549 1908 Qui
562 1839 696 1904 lustrare
711 1843 816 1906 solent
829 1843 991 1920 mandras,
1006 1856 1038 1907 et
1053 1855 1143 1928 septa
1157 1842 1333 1907 bidentum.

488 1938 553 2002 Hic
569 1960 646 2021 ergo
661 1944 779 2024 praesul
794 1945 982 2009 stolidorum
998 1944 1149 2028 dogmata
1163 1943 1308 2024 demens,

486 2036 595 2102 Saevos
610 2039 834 2107 schismaticos
847 2059 878 2107 et
895 2044 989 2109 melle
1004 2045 1149 2129 pericula
1164 2045 1291 2129 perfert.

487 2140 591 2213 Quem
606 2141 702 2206 iidem
718 2145 915 2210 schismatici
929 2145 1032 2231 spissa
1047 2147 1177 2212 fallente
1192 2158 1327 2227 caterva,

487 2243 648 2308 Infamare
662 2245 802 2325 student,
817 2247 977 2330 fingentes
992 2249 1104 2314 frivola
1118 2250 1208 2324 falsa,

487 2345 576 2410 Dum
590 2349 658 2427 regi
673 2360 851 2413 monstrant
866 2351 1009 2414 evulsum
1025 2371 1121 2414 carne
1135 2352 1301 2428 lacertum,

487 2450 531 2513 Et
544 2452 653 2514 loculo
667 2463 793 2534 gestant
809 2453 895 2534 vulgi
909 2452 950 2517 ad
966 2452 1152 2536 spectacula
1167 2461 1325 2530 truncum,

487 2551 581 2624 Quod
597 2553 723 2634 magico
738 2553 846 2618 stolidi
861 2552 976 2618 dicunt
989 2553 1212 2637 phantasmate
1228 2563 1363 2634 gestum,

487 2651 637 2737 Turpiter
651 2654 810 2719 arsenium
826 2654 873 2719 sic
889 2654 993 2719 fantes
1008 2673 1141 2739 corpore
1155 2673 1317 2732 mancum,

488 2754 550 2827 Qui
566 2754 688 2820 dudum
705 2757 857 2821 extiterat
870 2759 1024 2821 librorum
1039 2755 1164 2820 tramite
1179 2756 1290 2819 lector.

488 2855 570 2919 Tum
582 2856 678 2941 jubet
692 2861 856 2941 Augustus
871 2871 974 2923 vatem
991 2858 1201 2924 Constantius
1215 2858 1333 2922 αΙωιιω

488 2956 638 3022 Protinus
652 2960 751 3023 arceri
765 2980 858 3043 porro
874 2958 914 3023 de
929 2960 1049 3024 finibus
1063 2959 1170 3024 istinc.

489 3057 555 3122 Sed
568 3080 663 3124 secus
678 3058 795 3137 evenit,
809 3080 906 3144 quam
920 3058 1073 3125 machina
1086 3060 1194 3124 straba
1207 3062 1353 3145 putabat,

490 3160 645 3225 Praefatus
657 3161 760 3226 lector
774 3159 850 3225 dum
867 3162 1011 3225 fraudem
1026 3160 1169 3245 prodidit
1183 3172 1293 3227 atram.

529 3263 624 3329 Tunc
638 3264 713 3348 pius
726 3263 861 3327 antistes
875 3264 1004 3329 detecta
1017 3264 1128 3328 fraude
1143 3265 1293 3347 maligna,

489 3365 554 3444 En,
566 3365 684 3450 inquit,
699 3386 810 3430 sanam
824 3365 954 3430 lectoris
970 3366 1089 3429 cernite
1105 3364 1269 3429 dextram:

490 3466 627 3531 Necnon
641 3487 807 3531 nervosam
823 3466 933 3531 cuncti
949 3476 1091 3549 spectate
1106 3466 1275 3529 sinistram.

488 3568 571 3631 Tum
587 3588 689 3631 novus
703 3568 822 3633 insonti
839 3567 998 3631 crebescit
1011 3566 1107 3630 laude
1122 3565 1320 3649 triumphus:

491 3667 629 3742 Quando
643 3668 841 3733 sacerdotem
856 3677 995 3733 noscunt
1010 3666 1077 3730 sine
1093 3666 1226 3730 crimine
1243 3677 1399 3731 sanctum.

489 3772 637 3835 AEmulus
650 3771 828 3856 obstupuit,
851 3770 970 3834 fraudis
985 3768 1062 3831 dum
1079 3789 1176 3832 scena
1190 3769 1337 3852 patescit.

489 3874 624 3937 Buxeus
638 3874 658 3936 d
674 3887 810 3958 quantos
825 3873 952 3936 obtexit
965 3871 1069 3954 pallor
1082 3869 1211 3947 inertes,

491 3973 555 4037 Seu
570 3985 656 4037 certe
671 3974 828 4058 quosdam
843 3974 947 4036 rubrae
963 3970 1111 4034 confusio
1127 3970 1247 4033 frontis.

490 4073 543 4137 Sic
558 4094 623 4150 rca,
638 4076 831 4157 suffragante
847 4072 932 4143 Deo,
948 4082 1130 4135 commenta
1145 4070 1306 4133 fatiscunt.

491 4176 557 4241 Sed
571 4177 708 4241 contrita
721 4177 799 4241 rotis
814 4174 943 4239 extollit
957 4172 1067 4256 vipera
1082 4171 1207 4257 caephal

490 4277 534 4341 Et
548 4297 657 4341 rursus
671 4286 777 4342 ructat
791 4286 906 4341 tetrum
922 4273 963 4337 de
978 4274 1070 4337 fauce
1086 4294 1252 4338 venenum.

492 4377 643 4462 Namque
657 4379 721 4443 alia
733 4389 880 4443 sanctum
894 4377 1040 4442 nituntur
1055 4375 1162 4439 fallere
1178 4372 1297 4439 hande.

492 4478 640 4544 Foemina
651 4500 768 4564 nempe
783 4498 905 4563 procax
920 4472 1060 4560 strophis
1075 4476 1230 4541 instructa
1244 4476 1401 4555 nefandis,

492 4582 681 4647 lusimulare
697 4580 806 4645 studet
819 4591 1002 4663 stuprorum
1017 4577 1150 4643 crimine
1165 4586 1281 4644 ratem.

900 4698 927 4742 u
942 4685 962 4741 2
