3759 5425
635 713 1039 776 arraromanacracrnn,
1055 720 1128 767 arc.
1346 708 1411 769 aaa

357 869 529 952 Carthago,
544 880 681 953 sartago,
697 891 816 951 aemgo,
828 870 967 955 salsugo,
977 872 1114 956 ferrugo,
1125 874 1257 957 lanugo,
1269 875 1411 957 prurigo,

355 972 457 1053 uligo,
471 972 588 1053 caligo,
602 972 750 1049 formido,
771 971 905 1048 fiscella,
925 973 1064 1048 tessella,
1084 976 1236 1054 umbella,
1253 975 1410 1050 lanterna,

357 1072 479 1151 regina,
488 1073 632 1157 Europa,
641 1075 742 1151 urina,
752 1073 898 1151 formica,
910 1073 1048 1153 testudo,
1059 1076 1207 1153 aulaeum,
1218 1085 1411 1159 portentum,

358 1184 564 1252 sarmentum,
591 1175 755 1254 electrum,
781 1174 944 1259 antiquus,
972 1186 1114 1258 argutus,
1144 1177 1293 1241 cristatus
1323 1176 1409 1261 quod

357 1286 461 1337 tamen
477 1276 683 1360 participium
698 1288 746 1341 est
761 1278 829 1340 sine
844 1276 967 1359 origine
980 1280 1081 1356 verbi,
1095 1290 1149 1342 ut:

710 1385 831 1435 cristabrs
842 1382 972 1448 Achilles,

359 1476 457 1541 idest
476 1480 574 1543 crista
593 1490 625 1543 et
645 1501 728 1543 cono
751 1481 904 1561 galeatus,
920 1481 1063 1559 vittatus,
1078 1493 1232 1560 versutus,
1247 1492 1411 1559 cornutus,

360 1602 522 1659 nervosus,
537 1582 707 1658 frontosus,
722 1602 923 1666 squamosus,
938 1604 1070 1661 exosus,
1083 1585 1246 1663 barbatus,
1260 1585 1412 1663 larvatos,

360 1682 501 1745 cerritus.
559 1682 654 1747 Unde
681 1684 921 1767 Hieronymus:
960 1684 1251 1768 floccipendentes
1281 1685 1411 1770 (inquit)

359 1784 515 1866 imagines
530 1786 723 1869 umbrasque
738 1786 906 1861 larvarum,
922 1807 1056 1869 quarum
1075 1798 1189 1850 natura
1208 1806 1279 1851 esse
1296 1785 1413 1851 dicitur

360 1893 474 1948 terrere
501 1887 662 1970 parvulos,
691 1896 724 1951 et
752 1887 785 1949 in
815 1886 940 1968 angulis
971 1887 1086 1968 garrire
1115 1888 1301 1951 tenebrosis.
1356 1887 1412 1952 Sic

360 1987 533 2069 pauxillus,
557 1988 712 2065 tantillus,
734 1987 876 2067 taxillus,
899 1989 1069 2065 cultellus;
1095 2009 1231 2073 quorum
1251 1988 1414 2073 primitiva

361 2097 436 2151 sunt
450 2088 579 2169 Paulus,
593 2092 698 2173 palus,
712 2092 806 2169 talus,
821 2100 939 2168 tantus,
954 2092 1064 2155 culter.

403 2188 446 2251 D.
481 2189 533 2253 Da
564 2191 730 2255 verborum
760 2193 894 2273 regulas,
924 2213 997 2275 quae
1024 2193 1255 2276 palimbacchii
1283 2194 1412 2274 legibus

360 2290 477 2373 pariter
508 2290 899 2357 adminiculentur-M·
933 2294 1124 2373 Conclamo,
1145 2293 1332 2379 desquamo,
1362 2316 1412 2359 re·

362 2394 477 2471 clamo,
493 2392 618 2477 jejuno,
639 2394 770 2471 insulto,
792 2396 916 2472 exulte,
941 2396 1090 2474 obsecro,
1114 2393 1237 2478 adjuro,
1260 2395 1412 2472 conrado,

362 2492 506 2577 conjuro,
520 2495 647 2581 perjuro
661 2520 669 2573 ;
692 2506 746 2559 ut:

538 2600 574 2653 Et
585 2603 711 2674 conjurati
724 2603 830 2655 veniunt
840 2602 874 2654 ad
887 2600 997 2654 classica
1007 2602 1087 2655 venti.

362 2699 574 2780 Commendo,
589 2700 725 2779 desudo,
741 2700 890 2781 defendo,
905 2701 1057 2778 extendo,
1076 2699 1231 2784 impingo,
1247 2700 1413 2785 depromo,

361 2805 493 2866 exantlo
506 2803 541 2866 id
556 2816 604 2868 est
619 2804 795 2878 exhaurio;
818 2824 892 2866 nam
907 2815 977 2867 rota
990 2804 1079 2887 putei
1093 2805 1300 2868 exhaustoria
1315 2805 1415 2868 antlia

362 2917 491 2967 vocatur
502 2928 511 2981 ;
534 2918 714 2983 consterno,
735 2925 885 2986 emungo,
907 2904 1049 2986 invergo,
1069 2904 1228 2982 desterno,
1247 2915 1414 2983 convecto,

361 3007 533 3091 compello,
543 3006 689 3086 detrudo,
699 3027 893 3092 compungo,
904 3006 1080 3085 contundo,
1088 3006 1254 3092 impendo,
1264 3007 1413 3085 ulciscor,

361 3119 542 3192 percontor,
556 3111 767 3194 contemplor,
784 3110 915 3187 irascor,
933 3110 1117 3193 perfungor,
1132 3111 1319 3194 amplector,
1333 3131 1412 3174 nan·

361 3209 476 3288 ciscor,
505 3209 666 3293 indignor,
694 3211 849 3288 infirmor,
879 3223 1088 3275 commentor.
1149 3213 1199 3274 Ita
1232 3212 1416 3276 inchoativa

363 3311 543 3394 squalesco,
559 3312 698 3393 algesco,
718 3311 874 3389 haeresco,
897 3311 1079 3389 frondesco,
1097 3312 1255 3393 fulgesco,
1270 3313 1414 3395 ignesco,

362 3424 520 3494 turgesco,
548 3433 686 3492 raresco,
714 3423 866 3491 torresco,
894 3424 1055 3497 torpesco,
1085 3434 1234 3490 canesco,
1267 3416 1413 3494 floresco,

361 3514 506 3576 lentesco
518 3513 603 3598 quod
613 3515 759 3578 Valerius
770 3535 789 3578 a
800 3513 904 3597 prima
917 3511 1145 3595 conjugatione
1157 3525 1261 3577 ortum
1271 3525 1414 3593 testatur,

362 3615 451 3700 quod
471 3616 559 3679 lento
580 3619 685 3680 lentas
706 3617 817 3692 lentat,
833 3614 920 3699 quod
941 3635 1012 3676 raro
1034 3615 1201 3696 contingit,
1219 3625 1255 3677 ut
1273 3636 1413 3694 amasco,

360 3716 500 3794 lavasco,
516 3717 655 3797 gelasco.

405 3817 472 3880 Sed
492 3818 563 3882 haec
587 3819 627 3882 de
648 3819 753 3903 prima
774 3828 807 3882 et
829 3819 919 3882 tertia
944 3818 1169 3903 conjugatione
1198 3820 1411 3901 particrdatim

362 3918 629 4003 deprompsimus,
644 3917 904 4004 quandoquidem
919 3919 960 3983 de
975 3919 1119 3983 secunda
1137 3919 1363 4004 conjugatione
1377 3923 1413 3986 in

361 4023 465 4105 prima
489 4043 628 4106 persona
652 4022 819 4086 indicativi
847 4022 934 4087 modi
960 4022 1181 4086 antibacchius
1206 4022 1299 4086 haud·
1319 4024 1413 4088 facile

362 4125 488 4208 reperiri
504 4135 621 4207 potest,
634 4125 783 4209 quamvis
802 4125 836 4187 in
859 4127 983 4190 caeteris
1005 4124 1171 4189 modorum
1187 4136 1220 4189 et
1232 4137 1413 4208 temporum

362 4221 630 4290 declinationibus
649 4225 857 4290 adsciscatur.
903 4227 988 4288 Nam
1003 4246 1024 4288 a
1037 4226 1143 4288 verbis
1163 4235 1282 4309 quartae
1302 4226 1413 4311 conju-

363 4325 511 4407 gationis,
521 4347 595 4410 quae
610 4327 645 4390 in
661 4325 790 4408 dactylo
806 4326 954 4408 superius
967 4325 1149 4402 nexrrimus,
1160 4325 1416 4408 palimbacchius

362 4423 521 4490 infinitivo
543 4427 642 4491 modo
663 4425 820 4490 oriundus
834 4437 944 4501 extat3
966 4436 1004 4489 ut
1018 4426 1134 4509 sopire,
1148 4424 1283 4505 sancire,
1296 4428 1411 4508 accire,

363 4527 488 4602 bullire,
515 4527 652 4606 hinnire,
679 4527 802 4603 farcire,
828 4526 956 4603 sarcire,
982 4526 1117 4602 baudra,
1145 4527 1272 4606 gestire,
1296 4530 1414 4612 sepire,
