3759 5425
585 816 659 862 vrrs
674 816 850 862 annuatur
868 816 1002 863 vsnrcro
1018 816 1179 861 nucrcns.
1352 805 1416 864 376

356 967 563 1049 Helphildis,
578 969 755 1033 desolatam
778 990 812 1031 se
836 980 936 1032 morte
958 970 1026 1033 nati
1049 966 1267 1041 considerans,
1283 980 1316 1031 et
1329 990 1409 1052 pra-

355 1067 526 1131 teritorum
542 1090 726 1146 aernmnam,
741 1081 774 1132 et
795 1072 971 1133 futurorum
985 1070 1118 1132 multam
1139 1067 1300 1130 miseriam
1315 1070 1412 1135 corde

356 1188 450 1251 saepe
464 1170 624 1246 volutans,
636 1170 790 1233 stabilivit
803 1169 833 1233 si
847 1182 955 1253 posset
976 1168 1128 1252 repedare
1144 1166 1186 1230 ad
1201 1167 1341 1250 propria,
1356 1167 1412 1231 ubi

359 1286 421 1347 per
435 1266 626 1330 Sanctorum
649 1271 724 1332 Deo
746 1289 821 1332 cara
842 1270 966 1344 merita,
975 1268 1044 1353 jam
1059 1268 1194 1351 jamque
1216 1265 1259 1329 ad
1273 1266 1412 1329 nibilum

360 1379 489 1429 terrena
523 1381 684 1451 reputans,
722 1372 883 1433 calestem
919 1382 1030 1453 posset
1067 1368 1233 1451 acquirere
1270 1367 1414 1446 gloriam.

364 1468 463 1530 Venit
476 1468 575 1548 igitur
589 1468 631 1532 ad
652 1470 827 1533 nativitatis
847 1470 1189 1547 solum,=Britanniam,
1205 1480 1302 1552 atque
1319 1470 1413 1531 trium

362 1568 509 1631 villarum
532 1567 724 1634 beneficium
747 1592 790 1634 ex
813 1592 912 1634 censu
938 1572 1018 1634 emit
1041 1591 1138 1653 quem
1164 1589 1272 1633 secum
1299 1569 1417 1631 attulit.

363 1668 439 1731 Hac
454 1690 531 1749 ergo
551 1670 586 1732 in
599 1671 691 1754 pacis
712 1671 818 1755 quiete
833 1672 1020 1753 longissime
1038 1670 1159 1751 deguit,
1175 1670 1304 1752 Deique
1319 1670 1413 1733 timo·

363 1789 432 1830 rem
456 1790 531 1831 cum
554 1770 745 1835 Sanctorum
766 1773 945 1836 reverentia
966 1773 1001 1835 in
1023 1792 1138 1835 arcano
1164 1770 1270 1834 cordis
1293 1768 1414 1834 indesi-

367 1882 482 1930 nenter
495 1869 619 1933 habuit.

411 1970 627 2035 Veruntamen
650 1973 760 2037 divino
781 1986 869 2038 tacta
891 1976 1021 2038 verbere
1045 1976 1095 2052 (eo
1118 1972 1243 2036 scilicet
1269 1994 1332 2058 quo
1352 1994 1416 2037 ser·

366 2089 424 2131 vos
455 2088 542 2147 suos,
572 2083 610 2134 ut
637 2072 679 2135 ad
715 2074 849 2137 meliora
877 2074 1061 2157 proficiant,
1098 2071 1294 2157 quandoque
1331 2072 1418 2134 novit

365 2168 524 2251 affligere
551 2172 599 2235 uti
621 2173 891 2254 patientissimum
919 2176 996 2253 Job,
1023 2185 1059 2237 ut
1086 2194 1158 2237 eum
1174 2174 1209 2235 in
1231 2174 1415 2257 exemplum

365 2272 505 2352 posteris
527 2285 672 2355 poneret,
693 2287 728 2338 ut
750 2277 892 2359 seipsum
915 2278 988 2359 quis
1011 2276 1089 2338 foret
1104 2276 1211 2358 quiret
1231 2294 1418 2354 agnoscere,

366 2371 587 2436 misericordia
597 2373 707 2439 divina
719 2374 882 2457 quondam
892 2377 1058 2440 carnaliter
1066 2374 1193 2451 afflixit)
1206 2375 1419 2436 membrorum

367 2478 616 2553 enervationem,
644 2498 740 2561 quam
770 2480 887 2542 Graeco
918 2479 1075 2541 vocabulo
1101 2476 1272 2559 paralysim
1296 2473 1420 2553 dicunt,

368 2596 428 2658 per
452 2577 625 2640 triennium
650 2598 746 2661 passa
774 2592 832 2642 est.
879 2579 1011 2642 Initium
1036 2597 1109 2640 vero
1138 2576 1232 2658 hujus
1260 2576 1419 2659 passionis

369 2678 475 2740 taliter
488 2677 552 2741 sibi
566 2680 709 2743 evenbse
725 2679 864 2745 dicebat.
908 2682 1057 2756 Voverat,
1065 2678 1252 2763 priusquam
1268 2686 1420 2740 remearet

367 2800 389 2841 a
403 2777 523 2855 Dania,
537 2801 571 2842 se
585 2801 751 2864 nunquam
765 2782 871 2845 curnis
886 2793 1098 2845 comesturam
1112 2777 1310 2842 alimoniam:
1330 2775 1418 2861 quod

366 2879 492 2941 illibate
513 2879 609 2961 longe
632 2893 819 2944 servaverat.
864 2881 1023 2946 Gaeterum
1044 2877 1253 2943 Sacerdotum
1279 2897 1418 2960 quorun-

368 2977 444 3042 dam
465 2980 561 3042 bonae
584 2982 834 3045 conversationis
853 2982 1036 3065 supplicate
1060 2979 1193 3056 monitu,
1213 2998 1285 3040 cum
1310 2997 1420 3040 secum

369 3079 479 3162 plures
493 3092 601 3144 essent
614 3081 648 3143 in
664 3082 825 3157 convivio,
840 3092 877 3147 ut
887 3082 987 3145 semel
1003 3092 1124 3144 tantum
1141 3089 1292 3158 gustaret,
1308 3098 1419 3141 eorum

371 3181 523 3264 precibus
546 3181 601 3243 vix
625 3181 728 3244 invita
751 3182 928 3264 acquievit:
958 3201 1098 3264 moxque
1124 3179 1233 3243 divina
1256 3200 1327 3243 eam
1352 3199 1422 3262 per·

370 3282 472 3344 cussit
486 3281 562 3342 ultio
577 3280 770 3363 supradicta
785 3281 913 3344 stimulo
928 3281 1123 3363 paralyseos.
1168 3281 1255 3343 Miro
1270 3278 1420 3364 equidem

372 3379 470 3442 modo
494 3380 699 3462 omnipotens
724 3382 823 3459 Deus,
850 3381 976 3444 diversa
1002 3381 1116 3442 mentis
1141 3380 1317 3442 intentione
1343 3399 1420 3459 pec·

372 3490 494 3556 cantes,
509 3479 673 3542 dissimilis
687 3501 793 3562 poenae
809 3491 919 3561 gruum
934 3478 1075 3555 vinculo,
1090 3488 1122 3540 et
1139 3478 1172 3540 in
1186 3479 1335 3540 omnibus
1352 3480 1420 3541 suis

373 3581 466 3645 sactis
488 3601 523 3643 se
532 3581 655 3663 justum
671 3580 816 3665 judicem
839 3583 977 3665 atpium
998 3599 1069 3644 osse
1086 3577 1263 3641 Dominum
1286 3577 1419 3641 demon-

371 3693 459 3745 strat.
503 3682 662 3744 Ananiam
676 3703 816 3766 namque
831 3692 864 3746 et
885 3681 1088 3764 Sapphiram,
1104 3679 1180 3762 quia
1202 3678 1308 3742 cordis
1322 3678 1421 3742 livida

373 3782 553 3844 intentione
563 3781 719 3858 cecidere,
729 3784 930 3846 irrevocabili
939 3781 1097 3845 sententia
1109 3779 1200 3842 ferire
1209 3799 1274 3840 non
1284 3778 1420 3842 distulit:

373 3881 456 3944 banc
472 3903 557 3959 vero,
572 3883 650 3965 quia
662 3885 762 3947 invita
776 3895 809 3947 et
823 3884 960 3968 quadam
982 3882 1120 3946 caritatis
1141 3879 1250 3962 specie
1265 3880 1422 3962 Peccavit,

374 3984 417 4047 ad
445 3996 573 4067 tempus
602 3987 759 4068 corrigere
787 3987 898 4049 voluit.
943 3986 1069 4058 Quibus
1098 3981 1255 4066 exemplis
1284 3983 1420 4066 quisque

375 4106 485 4149 cavere
499 4086 606 4164 debet,
621 4100 658 4149 ut
679 4095 815 4150 autnon
834 4097 958 4159 voveat,
972 4097 1027 4148 aut
1041 4095 1115 4166 post
1133 4094 1242 4145 votum
1264 4083 1421 4165 promissa

374 4188 544 4270 persolvat,
559 4197 592 4251 et
619 4210 684 4272 qua
707 4188 883 4251 intentione
904 4185 1100 4250 difficultatis
1120 4206 1191 4268 quae
1219 4184 1290 4246 Deo
1306 4182 1422 4245 obtulit

376 4299 487 4368 postea
501 4308 566 4350 non
585 4287 719 4369 frangat.
764 4288 847 4350 Haec
870 4287 967 4368 igitur
988 4284 1281 4349 sanctimonialium
1305 4283 1422 4346 amictu

376 4389 544 4465 velamine,
559 4389 810 4472 circumquaque
825 4388 858 4449 in
882 4385 990 4448 rhedae
1006 4385 1157 4447 vehiculo
1181 4405 1200 4446 a
1223 4382 1289 4445 suis
1305 4383 1421 4445 satelli-

373 4489 459 4551 tibus
473 4489 516 4552 ad
528 4489 716 4553 Sanctorum
728 4488 904 4572 patrocinia
919 4507 953 4548 se
969 4485 1126 4548 deducere
1143 4484 1288 4558 faciebat,
1304 4483 1350 4545 uti
1365 4503 1424 4564 per

373 4610 483 4652 eorum
499 4599 610 4654 sancta
625 4592 776 4670 suffragia
791 4591 877 4652 illius
892 4587 1114 4650 reviviscerent
1131 4597 1253 4648 mortim
1269 4587 1421 4648 membra.
