3759 5425
496 692 556 752 190
835 709 880 754 ns
897 705 1060 754 nunninus
1075 703 1255 752 nnorruu.

578 861 704 924 Saecula
719 881 816 944 quam
832 861 960 943 penitus
974 878 1141 944 nunquam
1156 857 1278 922 mollire
1293 855 1452 920 valebant.

539 995 543 1001 »
578 961 698 1025 Dun‘or
711 975 747 1026 nt
761 961 842 1024 ferro
858 961 940 1025 foret
954 959 995 1024 ad
1010 969 1170 1023 tormenta
1183 967 1324 1022 cruenta

580 1063 676 1126 Hanc
691 1071 781 1146 pater
794 1072 828 1126 et
842 1062 979 1144 genitrix
995 1063 1099 1146 pactis
1114 1060 1330 1144 sponsalibus,
1345 1056 1440 1121 ambo

574 1161 625 1226 Ad
639 1164 768 1247 stirpem
785 1163 910 1246 generis
923 1163 1112 1244 satagebant
1125 1159 1243 1228 dedere
1257 1158 1376 1243 nuptis.

578 1263 631 1328 Sic
648 1285 739 1328 mens
752 1263 902 1346 virgineis
916 1262 1087 1328 ardescens
1101 1261 1220 1327 torrida
1234 1259 1382 1334 flammis,

581 1361 715 1444 Gurgite
731 1362 894 1427 mundano
907 1363 1038 1446 perfusa
1054 1370 1215 1444 tepescere
1230 1359 1342 1424 nescit.

578 1463 733 1536 Quamvis
748 1466 914 1530 verborum
925 1473 1069 1530 rorarent
1081 1463 1183 1526 imbre
1197 1473 1345 1545 parentes

579 1564 672 1629 Sicut
684 1565 841 1630 nimbosis
855 1566 1021 1632 stillabant
1035 1565 1153 1632 aethera
1167 1562 1277 1646 guttis,

577 1664 750 1747 Propterea
763 1666 865 1740 focus,
880 1677 913 1730 et
927 1666 1066 1748 flagrans
1081 1662 1268 1730 accenditur
1280 1662 1373 1745 ignis,

578 1763 745 1829 Vulcanus
758 1766 822 1830 late
839 1765 983 1830 servabat
997 1765 1134 1830 torribus
1148 1765 1233 1842 atris,

580 1865 626 1930 Ut
640 1866 729 1946 virgo
742 1866 822 1930 felix
836 1867 930 1930 ferret
943 1877 1099 1932 tormenta
1114 1887 1273 1948 rogorum,

581 1963 820 2050 consumptura
832 1966 921 2050 piam
935 1966 1015 2030 falso
1030 1965 1099 2030 sine
1114 1967 1247 2032 crimine
1261 1985 1398 2030 carnem.

580 2067 655 2129 Tali
669 2068 841 2132 femineam
854 2077 963 2134 sontes
976 2067 1142 2132 molimine
1157 2068 1282 2152 spinam

577 2169 774 2234 Excruciare
789 2171 930 2245 student,
945 2172 1147 2236 membratim
1162 2172 1313 2256 quatinus
1327 2191 1409 2247 ossa,

578 2269 613 2334 Si
629 2272 698 2336 fieri
712 2282 833 2355 posset,
849 2285 1020 2338 vacuarent
1034 2273 1134 2340 cruda
1147 2273 1303 2340 medullis.

578 2371 632 2436 Sic
649 2374 742 2437 Deus
756 2384 875 2437 mtema
889 2374 1035 2438 defendit
1048 2376 1090 2440 ab
1105 2395 1178 2438 arce
1193 2376 1345 2456 puellam,

578 2474 625 2537 Ut
640 2476 705 2538 voti
720 2497 853 2559 compos
866 2478 1012 2541 flammas
1025 2477 1174 2540 eraderet
1187 2477 1280 2559 ignis.

578 2576 728 2642 Traditur
741 2579 783 2642 ad
798 2579 897 2644 rictus
911 2578 1001 2659 virgo
1016 2581 1188 2644 laceranda
1201 2581 1331 2644 leonum

576 2677 666 2743 Diris
680 2690 716 2743 ut
729 2678 845 2744 rodant
858 2680 1028 2745 muliebres
1041 2679 1200 2745 morsibus
1214 2690 1310 2757 anus,

576 2778 689 2843 Bestia
702 2780 760 2844 sed
773 2802 899 2845 sacrum
914 2803 980 2844 non
994 2781 1091 2846 audet
1105 2802 1234 2865 carpere
1251 2802 1367 2865 corpus

576 2880 775 2946 Defensautc
790 2883 863 2946 Dao
878 2881 1003 2947 devotae
1018 2883 1161 2946 membra
1174 2883 1310 2964 puellm:

576 2985 665 3046 Dum
679 2993 795 3047 tenere
810 2984 898 3047 carni
913 3005 981 3047 non
995 3004 1129 3067 usquam
1146 2991 1262 3068 sponte
1276 2983 1437 3067 pepercit:

575 3082 630 3148 Sic
646 3095 732 3151 sator
745 3085 857 3148 electis
871 3105 945 3148 cum
960 3084 1073 3148 mundi
1087 3096 1259 3151 scammate
1275 3096 1406 3159 certant,

574 3186 682 3247 Aurea
696 3184 836 3248 crelestis
851 3184 983 3266 largitur
996 3186 1130 3266 praemia
1144 3187 1242 3268 regni.

576 3284 659 3349 Haec
675 3306 822 3369 supreme
835 3308 901 3350 suae
917 3286 1080 3350 decorarit
1094 3296 1239 3370 tempora
1253 3287 1337 3365 ritae,

557 3460 560 3465 ,
576 3385 740 3469 Purpureo
755 3397 900 3451 sanctam
915 3386 1111 3470 perfimdens
1126 3387 1281 3470 sanguine
1296 3408 1436 3466 carnem,

576 3489 700 3572 Martyr
712 3489 858 3573 perpetui
872 3488 948 3552 dum
965 3486 1091 3553 scandit
1105 3490 1228 3553 lumina
1243 3489 1327 3553 coeli.

618 3589 780 3653 Eulaliam
794 3610 898 3673 prosae
913 3591 1072 3670 vulgatam
1087 3588 1238 3653 laudibus
1252 3590 1329 3653 olim

575 3688 713 3751 Metrias
725 3707 813 3750 nunc
830 3687 979 3751 studeant
990 3688 1132 3751 venerari
1147 3686 1289 3751 carmina
1302 3698 1457 3762 sanctam,

577 3790 659 3862 Quas
672 3792 805 3854 mortale
818 3790 901 3853 nihil
917 3810 999 3854 vano
1016 3790 1132 3853 dilexit
1147 3810 1273 3853 amore:
1345 3817 1350 3826 ·

575 3891 646 3956 Nec
664 3891 839 3974 quidquam
854 3891 889 3953 in
904 3891 1026 3955 mundo
1041 3892 1157 3973 sategit
1170 3890 1314 3975 preferre
1330 3889 1481 3967 Tonanti,

573 3992 639 4058 Sed
655 4005 790 4057 cunctas
803 3992 922 4075 pariter
935 4012 1072 4075 pompas
1087 3990 1278 4075 contempsit
1293 3990 1429 4073 opimas,

481 4112 485 4118 ’
574 4095 732 4160 thditus
747 4106 782 4157 ut
795 4093 910 4177 spretis
925 4094 1012 4157 coeni
1028 4093 1201 4177 squalentis
1215 4090 1371 4157 adinstar

575 4197 712 4262 Deliciis
727 4217 817 4279 gazae
832 4204 1017 4278 sequeretur
1032 4194 1134 4259 libera
1148 4194 1320 4260 Christum.

576 4298 658 4373 Hac
676 4296 806 4361 thalami
821 4297 929 4372 luxus,
944 4306 976 4358 et
990 4294 1107 4376 gaudia
1121 4294 1242 4360 blanda
1254 4296 1428 4371 thorosum,

574 4400 681 4480 Atque
696 4398 892 4462 caducorum
909 4406 1026 4459 sortem
1042 4394 1190 4478 despexit
1204 4396 1383 4461 honorum:
