3759 5425
485 726 548 787 tta
765 744 1247 809 aarsrotaanacracruu,arc

486 893 583 973 tione,
594 906 738 980 tempore
749 902 897 983 praesenti
907 913 939 965 et
949 902 1054 965 firturo
1070 900 1236 966 indicativi
1251 898 1338 964 modi
1340 898 1531 983 ,praesertim

485 1014 505 1058 a
519 997 622 1061 verbis
637 1020 709 1083 quoe
723 1000 870 1083 superius
884 1002 1114 1085 coaptavimus,
1128 1024 1202 1067 cum
1218 1001 1259 1065 de
1270 1001 1433 1065 tribracho
1448 1020 1532 1065 com-

482 1109 707 1166 mentaremnr:
723 1104 935 1185 glomeramus
944 1106 1138 1187 glomerans,
1147 1106 1330 1187 glomerabo
1340 1104 1533 1187 glomerabis

483 1199 682 1281 glomerabit,
705 1224 913 1320 properamus
934 1207 1124 1290 properatis,
1146 1209 1326 1292 properabo
1345 1206 1533 1292 properabis

482 1306 676 1387 properabit,
692 1305 893 1386 geminamus
913 1307 1096 1388 geminatis,
1111 1310 1169 1372 -bo
1185 1308 1249 1371 ·bis
1264 1308 1338 1386 -bir,
1359 1308 1532 1390 rogitamus

485 1403 578 1482 -tis,-
565 1406 622 1468 -bo
634 1408 700 1471 -bis
711 1408 773 1469 -bit
773 1409 955 1491 ,rapiemus
965 1410 1230 1495 ·tis,capiemus·
1217 1410 1272 1473 -tis
1273 1410 1453 1494 ,poliemus
1469 1409 1533 1487 -ιιι,

482 1505 647 1571 veniemus
662 1508 727 1571 -tia
771 1508 948 1590 Virgilius
939 1532 972 1572 ιιι
989 1511 1154 1575 Bucolicis

727 1604 844 1676 rapidum
856 1604 937 1659 Creta
948 1608 1082 1662 veniemus
1094 1609 1197 1662 Oaxen

480 1694 612 1758 Passiva
626 1715 699 1757 vero
714 1696 898 1759 communia
911 1706 945 1760 et
959 1696 1155 1780 deponentia
1167 1719 1225 1782 per
1239 1695 1368 1761 easdem
1376 1717 1533 1781 personas

480 1794 599 1878 passim
614 1814 678 1858 non
694 1796 923 1878 congruentia3
947 1796 1004 1859 sed
1020 1796 1082 1861 boc
1104 1797 1212 1874 modo,
1229 1795 1444 1881 jugulamur
1431 1818 1532 1881 Jugu-

477 1896 594 1973 lentnr,
607 1894 787 1980 jugulabor,
808 1917 996 1961 veneramur
1013 1910 1203 1963 venerantur
1222 1899 1407 1975 venerabor,
1428 1897 1531 1981 stipu-

477 1996 580 2058 lamur
601 1996 794 2077 stipulantur
815 1997 1005 2081 stipulabor,
1028 1998 1264 2063 stomachamur
1288 1998 1530 2063 stomachantur

477 2095 711 2159 stomachabor.
769 2098 954 2162 infinitivus
985 2120 1114 2185 quoque
1144 2100 1298 2164 modus'
1289 2121 1323 2163 ιιι
1354 2099 1468 2164 activis
1496 2106 1530 2162 et

475 2196 673 2260 neutralibus
694 2201 802 2281 poeoni
822 2200 917 2263 tertio
939 2202 1140 2285 mancipatur
1159 2214 1303 2285 tempore
1325 2200 1530 2285 praesentiat

475 2296 646 2381 preterito,
662 2309 695 2361 et
716 2297 869 2381 stipulare
892 2299 1077 2383 stipulasse,
1091 2302 1218 2365 titulare
1238 2302 1391 2380 titulasse,
1405 2301 1528 2363 ululare
1637 2292 1638 2299 ι

476 2400 627 2478 ululasse,
656 2398 794 2483 spoliare
822 2400 989 2485 spoliasse,
1019 2412 1173 2466 temerare
1202 2415 1384 2467 temerasse.
1429 2400 1527 2466 Unde

475 2500 592 2577 Proba,
598 2501 799 2584 interpoetas
808 2502 995 2579 clarissima,
1004 2503 1038 2565 in
1045 2503 1181 2567 exordio
1187 2501 1528 2584 Virgilio-centonis,

475 2602 620 2685 quamvis
634 2604 901 2685 Apocrypbomm
917 2602 1031 2667 frivola
1045 2604 1106 2669 sub
1121 2604 1229 2687 specie
1243 2603 1433 2687 prophetica
1446 2622 1525 2667 con·

474 2702 616 2780 tinentia,
631 2700 689 2767 sed
704 2715 811 2766 tamen
824 2702 999 2785 legitimam
1015 2703 1191 2769 hexametri
1206 2704 1349 2786 regulam
1360 2702 1527 2782 servantis,

474 2805 639 2886 elegantur
653 2803 855 2888 deprompsit
869 2803 1001 2868 dicens:

613 2909 630 2960 J
631 2927 675 2962 am
686 2908 785 2962 dudum
795 2915 938 2963 temerasse
950 2910 1030 2965 duces
1041 2911 1085 2982 pis
1095 2909 1196 2966 indere
1206 2911 1285 2985 pacis.

474 2997 645 3063 Scanditnr
660 2999 705 3062 ita
718 2999 793 3062 Jam
808 2996 862 3062 du.
879 2996 957 3062 dum
973 3007 1081 3064 temer.
1098 3021 1168 3065 asse
1184 3000 1238 3064 du.
1253 3021 1308 3064 ces
1322 3000 1388 3084 pia,
1404 2997 1527 3064 foedera

471 3120 573 3184 paors.

515 3199 1522 3287 D.Daexemplasignificationibusparticipiorumapprobata.
1637 3215 1638 3232 ¹

471 3301 564 3365 -M.
589 3299 743 3364 Praeteriti
770 3311 804 3363 et
828 3300 927 3363 futuri
952 3302 1107 3385 temporis
1135 3301 1304 3385 participia
1334 3320 1354 3363 a
1382 3299 1525 3382 passivo,

472 3401 647 3477 communi,
672 3411 705 3464 et
733 3398 908 3483 deponenti
936 3401 1107 3477 venientia,
1128 3421 1274 3487 paeonem
1305 3400 1433 3464 tertium
1456 3419 1523 3463 non

471 3504 655 3591 repudiant,
682 3510 720 3565 ut
747 3502 940 3582 glomeratus
968 3503 1204 3584 glomerandus,
1231 3513 1402 3566 veneratus
1428 3521 1523 3565 vane

470 3606 601 3681 raudus,
611 3603 774 3688 jaculatus
783 3600 989 3685 jaculandus,
1002 3603 1144 3667 imitatus
1158 3601 1351 3679 imitandus;
1375 3611 1428 3666 utr

611 3699 728 3754 Demens
738 3699 857 3772 perpensi
868 3700 912 3769 qni
923 3717 975 3752 non
986 3701 1114 3754 imimnda
1124 3702 1239 3772 parentis

612 3786 677 3840 Jnra
688 3785 841 3839 caducorum
852 3785 978 3853 gradihus
989 3785 1121 3840 simdavit
1132 3787 1265 3841 honorum.

471 3880 523 3944 Ab
537 3877 642 3942 activo
656 3896 786 3960 quoqne
800 3885 833 3937 et
852 3885 978 3954 neutro,
992 3886 1029 3938 ut
1042 3876 1210 3959 fugiturus,
1225 3875 1374 3955 ruiturus,
1388 3874 1521 3940 trahitu-

469 4002 536 4059 rua,
550 3977 715 4052 doliturus,
730 3975 927 4054 domiturus;
950 3977 1033 4041 utin
1050 3978 1236 4060 Georgicis:

613 4113 701 4130 .....
714 4080 742 4128 et
753 4075 845 4128 durum
857 4074 956 4128 Bacchi
969 4075 1097 4130 domitura
1108 4094 1236 4149 saporem,

469 4166 638 4254 petiturus,
651 4163 819 4249 periturus.

513 4270 555 4332 D.
578 4268 678 4332 Paeon
690 4265 800 4329 tertius
815 4286 881 4349 qua
890 4264 1082 4331 discretione
1094 4276 1309 4352 sequestratur
1318 4265 1423 4332 t-M.
1447 4268 1519 4332 Ses-

471 4371 567 4454 cnpla
581 4368 737 4432 divisione
759 4365 924 4445 dirimitur,
938 4368 996 4432 scd
1018 4368 1097 4432 arsis
1112 4379 1144 4432 et
1164 4369 1265 4433 thesis
1285 4369 1391 4452 paeoni
1416 4370 1520 4454 primo

469 4483 502 4534 et
520 4469 666 4533 secundo
691 4469 896 4542 reluctantur,
912 4467 990 4532 dum
1012 4470 1091 4533 arsis
1116 4480 1249 4552 usurpat
1272 4479 1418 4554 tempora
1432 4471 1518 4544 bina,

469 4583 502 4633 et
517 4568 615 4631 thesis
629 4569 718 4629 trina
