3759 5425
476 687 518 744 76
830 701 857 743 s.
872 698 1048 745 ssnnnnur
1064 698 1166 744 nrnnn

472 852 702 929 abominanter,
732 873 806 916 cum
836 853 931 916 etiam
960 854 1096 934 gentiles
1126 852 1299 935 gentilibus
1328 861 1360 918 et
1389 851 1525 936 paganis

473 955 591 1040 pagani
613 955 706 1040 quusi
730 955 939 1019 ridiculosum
966 957 1170 1020 subsanantis
1198 967 1381 1038 gannaturae
1406 973 1523 1037 oppro-

473 1059 578 1121 brium
613 1059 760 1140 legantur
787 1059 1019 1142 improperasse
1048 1059 1111 1121 hoc
1142 1057 1258 1120 modo:
1298 1058 1383 1120 Cum
1410 1055 1523 1118 infami

471 1160 710 1242 proverbiorum
724 1159 829 1240 elogio
845 1159 1077 1223 cachinnantes
1093 1181 1130 1222 ae
1147 1159 1354 1222 cavillantes:

684 1329 768 1383 Vobis
779 1331 849 1402 picta
859 1345 932 1380 croco
944 1333 971 1380 et
981 1327 1092 1396 fulgenti
1105 1327 1202 1380 murice
1214 1327 1304 1379 vestis:

682 1417 720 1469 Et
730 1417 826 1468 tunisae
837 1415 952 1467 manicas
963 1419 991 1468 et
1001 1414 1099 1467 habent
1109 1412 1259 1466 redimicula
1270 1414 1364 1466 mium.

514 1574 620 1638 LVII.
642 1570 757 1636 Judith
772 1569 840 1632 filia
852 1570 973 1632 Merari
992 1580 1069 1652 post
1088 1569 1210 1634 obitum
1226 1571 1378 1633 Manasse
1394 1579 1521 1654 sumpto

470 1673 631 1737 viduitatis
646 1672 792 1734 theristro
807 1681 840 1734 et
858 1681 965 1753 spreto
980 1671 1120 1754 sponsali
1144 1672 1242 1754 peplo
1265 1669 1386 1734 blanda
1407 1691 1521 1754 proeo-

470 1795 539 1838 rum
558 1773 720 1836 lenocinia
738 1782 960 1848 contemnens,
974 1770 1119 1834 nondum
1141 1772 1367 1835 resultantibus
1382 1772 1521 1855 Aposto-

469 1876 541 1940 lieae
564 1873 696 1958 salpicis
716 1873 930 1954 clangoribus,
947 1875 1030 1936 Dico
1046 1876 1196 1954 innuptis
1216 1883 1249 1936 et
1270 1875 1388 1948 viduis,
1403 1873 1519 1937 bonrun

469 1985 517 2041 est
538 1978 616 2054 illis,
636 1977 667 2038 si
690 1977 738 2038 sie
760 1978 1001 2055 permanserint
1008 1995 1021 2046 ;
1055 1978 1146 2059 quasi
1170 1976 1312 2040 candens
1336 1976 1438 2038 lilium
1463 1977 1521 2060 pia

470 2078 615 2142 castitate
642 2077 824 2153 florescens,
848 2087 945 2159 atque
971 2098 990 2139 a
1016 2077 1157 2160 publicis
1187 2079 1416 2161 conspectibus
1446 2078 1520 2141 dili-

468 2187 606 2254 tescens,
631 2176 664 2240 in
690 2175 851 2239 coenaculi
877 2177 993 2239 solario
1019 2177 1139 2260 pudica
1164 2179 1418 2256 conversabatur,
1445 2199 1517 2242 curn

468 2278 662 2344 horrendum
691 2276 895 2360 Assyriorum
925 2278 1113 2362 principem,
1137 2279 1192 2364 qui
1217 2279 1393 2343 innumeris
1417 2282 1519 2344 mani-

467 2382 618 2464 pulorum
631 2379 761 2442 milibus
774 2379 920 2463 equitatu
934 2389 968 2442 et
981 2379 1125 2462 peditatu
1146 2381 1394 2462 glomerantibus
1409 2382 1519 2445 orbem

467 2491 655 2548 trementem
669 2480 788 2559 terruit,
802 2482 889 2545 Abra
908 2481 1081 2544 comitante
1100 2482 1328 2546 circumvenire
1348 2482 1520 2559 moliretur,

468 2586 555 2652 baud
581 2607 675 2651 secus
697 2583 925 2669 decipiendum
952 2584 1098 2662 credidit,
1125 2607 1184 2649 nee
1213 2586 1303 2648 aliter
1324 2586 1517 2648 obtruncan-

469 2686 548 2752 dum
562 2697 630 2753 rata
644 2697 702 2766 est,
715 2687 779 2750 nisi
794 2707 868 2749 eum
884 2685 993 2750 nativa
1009 2687 1116 2749 vultus
1137 2697 1301 2749 venustate
1322 2685 1517 2749 ornamentis

469 2790 564 2853 etiam
587 2788 807 2872 corporalibus
830 2797 1006 2869 caperetur,
1021 2784 1060 2849 de
1077 2807 1140 2868 qua
1155 2786 1188 2848 iu
1211 2786 1304 2849 LXX
1325 2784 1516 2849 translatori-

467 2887 529 2949 bus
550 2888 703 2970 scriptum
725 2895 793 2948 est:
830 2884 947 2959 Induit
969 2906 1002 2945 se
1024 2892 1137 2947 uestem
1151 2885 1374 2967 jocunditatis
1395 2902 1462 2948 suae
1482 2894 1516 2949 at

465 2990 620 3066 imposuit
644 2984 850 3065 periscelides
871 2994 903 3047 et
925 2985 1104 3063 dextralia,
1123 2994 1154 3049 et
1177 2990 1326 3064 annitius,
1352 2996 1384 3050 et
1406 2991 1515 3051 oinnin

465 3096 657 3155 ornamenta
669 3106 741 3163 sua,
750 3094 782 3149 et
794 3089 968 3165 composuit
984 3108 1017 3147 se
1032 3090 1130 3150 nimis
1145 3089 1179 3149 in
1195 3092 1347 3168 rapinum
1364 3091 1515 3153 sirorrun.

467 3193 519 3255 En
542 3210 609 3253 non
630 3187 746 3249 nostris
765 3187 1007 3263 assertionibus,
1029 3187 1085 3251 sed
1106 3190 1270 3273 scriptura
1293 3190 1515 3275 adstipulatio·

466 3293 562 3355 nibus
590 3298 720 3352 omatus
744 3288 942 3351 foeminarum
968 3290 1079 3372 rapina
1104 3290 1240 3353 virorum
1267 3304 1404 3354 vocatur.
1450 3294 1514 3357 Ve-

466 3414 537 3457 rum
557 3391 634 3475 quia
646 3388 709 3451 hoc
724 3388 758 3450 in
776 3399 843 3451 arta
857 3390 993 3453 Betuliae
1014 3389 1181 3453 obsidione
1201 3412 1259 3473 pro
1280 3393 1515 3459 contribulibus

466 3492 604 3557 dolitura
623 3489 847 3573 compatientis
865 3492 993 3568 affectu,
1008 3512 1072 3553 nou
1092 3492 1244 3555 eastitatis
1259 3490 1385 3556 defectu
1400 3494 1514 3559 iecisse

464 3603 672 3659 memoratur:
697 3590 823 3653 Idcirco
846 3590 935 3654 salva
956 3590 1088 3675 pudoris
1112 3594 1286 3657 reverentia
1305 3594 1431 3658 celebre
1447 3618 1513 3660 me-

464 3696 609 3762 ticulosis
623 3692 842 3775 municipibus
857 3693 1035 3776 trophaeum
1051 3704 1083 3757 et
1102 3694 1246 3758 inclitum
1264 3696 1436 3779 oppidanis
1452 3710 1513 3763 tre-

464 3798 651 3883 pidantibus
678 3795 874 3878 triumphum
903 3807 984 3860 teste
1008 3798 1134 3878 tyranni
1160 3798 1265 3881 capite
1295 3812 1327 3863 et
1356 3820 1513 3884 conopaeo

464 3898 643 3984 reportarit.
687 3898 824 3960 Necnon
849 3897 883 3960 in
906 3898 1086 3963 Proverbiis
1110 3901 1223 3964 mulier
1248 3902 1304 3965 illa
1332 3922 1454 3985 procax
1480 3917 1514 3967 et

464 4002 623 4087 pertinax,
646 4020 817 4082 synagoga
844 4012 956 4083 typum
982 4002 1285 4087 obumbransque
1311 4004 1412 4067 sirum
1439 4025 1513 4087 pro-

461 4103 567 4188 prium
594 4100 719 4180 integro
748 4099 927 4183 plenilunio
956 4120 1149 4165 reversurum
1174 4102 1375 4187 spospondit,
1398 4116 1513 4170 ornatu

463 4202 642 4267 meretricio
671 4213 703 4264 et
731 4202 812 4264 luxu
840 4202 1044 4266 lenocinante
1073 4188 1244 4267 vecordem
1267 4205 1415 4291 juvenem
1441 4207 1512 4288 pel-

461 4304 580 4367 lexisse
606 4315 637 4365 et
660 4300 861 4365 fraudulento
888 4304 1054 4365 verborum
1078 4304 1314 4369 oblectamento
1338 4303 1510 4388 deceptum

462 4403 640 4486 lugubriter
654 4402 778 4466 elicisse
799 4400 999 4476 describitur,
1015 4413 1051 4465 ut
1066 4403 1178 4466 merito
1199 4404 1289 4486 quasi
1310 4404 1369 4467 bos
1395 4404 1511 4470 ductus

463 4506 505 4571 ad
519 4505 680 4570 victimam
695 4526 793 4568 coecae
810 4504 993 4587 cupiditatis
1008 4506 1181 4587 petulantia
1202 4516 1315 4588 captus
1338 4506 1510 4573 nefandum
