3759 5425
616 758 660 802 nu
677 755 841 802 rsonraus
854 755 1089 802 vruorurrsrrs.
1334 741 1377 800 45

323 916 560 999 phantasmata,
575 912 735 995 simulque
755 911 938 985 ariolorum,
954 923 988 973 et
1009 911 1189 973 Marsorum
1209 907 1378 992 machinas

215 1089 217 1100 ,
322 1036 526 1092 evanescere,
541 1012 600 1078 sed
622 1013 762 1076 t'oetentis
776 1013 847 1075 lotii
868 1012 1124 1089 lustramentum,
1138 1011 1171 1074 iu
1187 1012 1376 1094 fragrantem

322 1119 456 1180 vertitur
469 1115 672 1190 ambrosiam,
685 1115 764 1178 etin
777 1122 918 1177 rosatum
930 1114 1071 1177 nectaris
1081 1120 1221 1176 mutatur
1234 1112 1376 1176 odorem.

323 1220 418 1282 Tunc
433 1219 587 1282 buculam
603 1217 762 1300 imperant
777 1216 961 1296 deglubere,
975 1224 1013 1280 ut
1026 1215 1165 1279 recentis
1179 1216 1257 1279 corii
1271 1214 1378 1279 crudi·

215 1395 217 1412 ,
321 1333 386 1385 tate
417 1320 509 1384 nuda
538 1319 685 1402 martyris
714 1318 858 1381 membra
887 1318 1098 1400 cingerentur,
1128 1326 1288 1400 quatenus
1316 1318 1378 1380 sub

323 1423 575 1505 flagrantissimo
598 1419 676 1483 solis
695 1419 807 1484 ardore
827 1421 861 1482 iu
878 1419 1037 1482 viriditate
1056 1418 1150 1483 birsae
1171 1418 1303 1483 truciter
1315 1428 1379 1481 tor-

323 1533 466 1600 reretur,
497 1523 555 1586 sed
582 1522 700 1588 Christi
729 1523 881 1604 suffragio
909 1519 1010 1585 fretus
1039 1543 1156 1604 expers
1183 1521 1318 1604 periculi
1347 1532 1381 1585 et

215 1693 217 1700 ,
325 1646 441 1708 sospes
471 1624 584 1687 evasit.
630 1624 712 1686 Mox
742 1622 849 1686 ferreis
878 1633 1063 1687 catenarum
1091 1624 1231 1687 nexibus
1260 1625 1378 1688 collum

326 1749 403 1790 cum
418 1726 548 1789 lacertis
563 1735 596 1789 et
614 1726 695 1788 suris
717 1725 810 1788 simul
826 1724 1038 1808 astringentes
1056 1725 1090 1787 iu
1110 1737 1207 1789 atram
1229 1726 1380 1808 ergastuli

325 1830 483 1892 latebram
512 1825 705 1910 projiciunt:
739 1825 796 1888 sed
823 1824 996 1909 perniciter
1021 1827 1130 1890 stricta
1157 1829 1319 1908 ligamina,
1344 1841 1381 1892 ut

215 1991 220 2014 ‚
327 1938 498 2013 stuparum
533 1928 700 2012 putamina
734 1939 936 2012 rumpuntur,
965 1939 998 1992 et
1032 1927 1120 1994 velut
1154 1930 1382 2014 limpidissimo

326 2033 482 2096 lanternas
509 2031 631 2115 lychno
662 2030 830 2093 tenebrosa
858 2029 963 2111 caligo
986 2030 1112 2094 fatiscit.
1157 2031 1209 2095 Ad
1233 2032 1381 2096 ultimum

328 2154 401 2197 curn
433 2131 577 2213 virgulis,
607 2141 640 2194 et
668 2130 800 2194 nodosis
828 2130 1004 2194 viminibus
1033 2141 1166 2196 cruenta
1194 2134 1380 2198 carnificum

215 2285 217 2296 .
329 2234 453 2296 saevitia
483 2232 674 2308 crederetur,
704 2231 872 2315 sceptrinae
901 2231 1008 2313 virgae,
1038 2254 1111 2316 quae
1140 2233 1230 2317 prius
1258 2235 1383 2299 nodosa

330 2335 449 2399 duritia
469 2335 629 2416 rigebant,
647 2335 757 2418 pluma
775 2334 947 2409 mollioreS,
967 2343 1000 2398 et
1022 2356 1146 2418 papyro
1168 2338 1290 2400 effectae
1308 2348 1384 2401 sunt

329 2438 478 2500 leviores.
524 2437 608 2500 Haec
630 2446 719 2502 tanta
732 2436 881 2520 prodigia
902 2458 1036 2500 cernens
1052 2437 1208 2500 Claudius
1222 2438 1385 2503 Tribunus

215 2585 219 2608 ,
331 2539 512 2622 obstupuit,
535 2550 568 2601 et
596 2537 694 2601 corde
717 2548 930 2622 compunctus
960 2560 1035 2602 cum
1057 2539 1152 2601 LXX
1173 2539 1330 2604 militibus
1351 2552 1385 2606 et

333 2642 420 2704 omni
443 2641 577 2717 familia,
602 2651 634 2704 et
659 2643 832 2705 vernacula
856 2641 1017 2720 clientela,
1040 2661 1104 2703 una
1129 2661 1202 2703 cum
1229 2640 1385 2723 parasitis,

333 2756 366 2807 et
379 2742 547 2807 sodalibus
558 2741 698 2806 credidit
709 2741 773 2804 Dei
782 2741 884 2804 filium
896 2742 1073 2804 salvantem
1084 2737 1202 2804 secula
1211 2742 1385 2808 Christum.

332 2846 379 2909 Et
401 2846 509 2909 statim
533 2866 647 2908 omnes
669 2845 877 2929 Baptismatis
899 2843 988 2907 uuda
1009 2844 1196 2925 regenerati,
1210 2867 1387 2931 purpureas

333 2944 482 3009 Paradisi
498 2965 633 3009 coronas
648 2944 719 3007 fuso
733 2944 883 3009 soeliciter
897 2964 1008 3009 cruore
1024 2958 1215 3027 capessunt3
1250 2970 1386 3032 quorum

335 3058 447 3112 sancta
469 3046 628 3111 cadavera
655 3046 689 3109 iu
711 3046 863 3110 cuniculo
887 3047 1092 3109 subterraneo
1116 3048 1235 3130 pariter
1255 3051 1388 3115 humata

335 3149 517 3231 quiescunt,
545 3150 579 3212 iu
611 3169 760 3231 supremo
790 3148 938 3211 examine
969 3159 1149 3213 surrectura
1175 3149 1209 3213 in
1241 3154 1385 3234 gloriam.

336 3250 401 3313 His
438 3250 481 3313 ad
510 3252 629 3314 coelum
665 3250 874 3333 migrantibus
912 3251 1097 3334 superstites
1126 3252 1326 3332 Chrisantus‚
1356 3266 1389 3319 et

336 3352 437 3416 Dsu‘a
459 3352 632 3437 reciprocis
661 3353 856 3417 cruciatibus
878 3352 1064 3434 singillatim
1088 3356 1280 3420 artabantur.
1325 3359 1389 3422 Ille

336 3457 369 3519 in
384 3458 583 3521 latebrosum
599 3458 763 3521 lautumiae
777 3460 959 3536 latibulum,
974 3458 1031 3521 ubi
1050 3460 1230 3524 cloacarum
1246 3463 1388 3526 cuniculi

337 3568 469 3643 putores
494 3570 669 3623 stercorum
691 3560 902 3642 ingesserunt,
926 3560 1008 3623 ferro
1030 3562 1219 3625 constrictus
1244 3564 1387 3627 mittitur.

338 3662 402 3725 Sed
425 3670 534 3746 putor,
549 3673 581 3726 et
602 3662 706 3745 caligo
723 3663 796 3725 luce
816 3682 938 3739 serena,
953 3670 986 3725 et
1007 3662 1222 3725 odoramentis
1240 3666 1392 3745 fugantur

337 3765 518 3829 nectareis:
552 3766 614 3827 ista
644 3762 685 3827 ad
710 3762 888 3846 prostibula
918 3774 1105 3839 scortorum,
1128 3771 1161 3825 et
1188 3766 1389 3830 meretricum

339 3868 554 3933 contubernia
572 3865 718 3942 trudimr,
741 3886 806 3949 quo
827 3866 878 3927 leo
901 3863 942 3926 de
965 3864 1071 3926 clatris
1096 3864 1330 3949 amphitheatri,
1350 3870 1392 3934 ad

338 3972 469 4033 tutelam
502 3978 636 4031 sacratoe
657 3966 798 4047 Virginis
826 3965 890 4027 Dei
910 3973 992 4028 nutu
1021 3964 1176 4048 dirigitur,
1198 3980 1235 4030 ut
1263 3968 1291 4031 si
1320 3972 1393 4056 quis

338 4072 490 4156 petulcus
525 4070 720 4147 incestator,
749 4074 783 4129 et
818 4066 958 4129 lascivus
994 4075 1149 4131 scortator
1182 4070 1393 4151 vagabundus

339 4173 485 4255 gestibus
513 4172 648 4255 lupanar
674 4166 798 4251 ingredi
827 4168 1001 4245 maluisset,
1024 4168 1131 4230 ferinis
1159 4167 1293 4232 rictibus
1318 4193 1393 4254 sug·

340 4275 512 4357 gillaretur.
559 4271 625 4336 Sed
645 4270 685 4334 de
701 4279 854 4351 congesta
869 4270 1020 4333 virtutum
1035 4269 1130 4352 copia
1148 4269 1309 4333 interdurn
1324 4276 1392 4337 effi.

340 4376 422 4439 citur
444 4376 612 4438 verbomm
641 4373 760 4455 inopia.
807 4372 892 4433 Nam
913 4370 1037 4451 ingenti
1058 4369 1284 4435 miraculorum
1308 4376 1392 4439 mole

339 4477 454 4553 victus,
480 4474 644 4538 brevitatis
672 4472 865 4556 compendio
890 4475 983 4555 plura
1010 4481 1172 4555 praetereo.
1216 4473 1295 4537 Post
1322 4476 1393 4539 hmo

339 4577 471 4643 decreto
505 4576 692 4640 Numeriani
718 4574 852 4655 Augusti
875 4574 993 4658 pariter
1020 4574 1054 4637 in
1080 4596 1145 4637 una
1170 4586 1282 4660 crypta
1310 4596 1391 4639 mar-
