3759 5425
456 681 497 740 22
816 697 840 740 s.
858 693 1033 740 annuatur
1050 693 1150 740 stass

456 849 609 911 Arborem
641 868 770 931 quoque
801 848 913 931 spissis
940 849 1149 930 virgultorum
1179 845 1369 910 ramusculis
1398 846 1506 928 pullu·

360 942 366 952 ’
454 949 585 1027 lentem,
607 961 640 1013 et
659 948 830 1013 fructiferis
851 950 996 1033 stipitum
1020 949 1191 1012 viminibus
1213 948 1389 1023 florentem,
1412 946 1509 1030 cujus

455 1050 620 1114 immensae
641 1048 841 1132 proceritatis
863 1049 1021 1114 celsitudo
1042 1049 1121 1133 polo
1142 1061 1237 1111 tenus
1257 1047 1292 1110 in
1314 1047 1414 1109 altum
1433 1067 1508 1129 por·

458 1163 547 1214 recta
572 1151 754 1234 subrigitur,
781 1171 922 1232 congrua
945 1149 1217 1234 interpretationis
1239 1147 1424 1232 conjectura
1448 1169 1509 1210 ex·

457 1257 579 1339 planat,
594 1276 666 1338 quae
682 1255 742 1318 sub
758 1275 841 1317 cono
856 1254 985 1317 sublimi
998 1252 1125 1316 verticis
1140 1253 1331 1336 pennigeras
1341 1252 1509 1314 volucrum

458 1367 580 1419 turmas
608 1354 741 1438 praepeti
764 1355 871 1417 volatu
894 1353 1079 1418 nimborum
1102 1353 1273 1416 obstacula
1293 1362 1509 1435 penetrantes,

460 1456 620 1538 simulque
634 1451 839 1516 multimodas
854 1453 989 1516 ferarum
1004 1463 1134 1516 naturas
1148 1450 1399 1536 quadripedante
1413 1471 1512 1515 cursu

460 1575 518 1638 per
553 1556 661 1618 orbem
697 1555 869 1617 lustrantes
905 1565 1093 1638 sumptuosa
1128 1554 1321 1635 pabulorum
1356 1551 1512 1616 alimonia

461 1657 597 1721 ubertim
616 1655 780 1738 pascebat,
802 1653 904 1718 donec
928 1655 1054 1719 crelesti
1076 1655 1207 1718 numine
1229 1652 1418 1718 nutabunda
1437 1675 1512 1718 cru-

462 1757 575 1820 deliter
597 1767 767 1832 corrueret,
782 1769 815 1818 et
835 1777 983 1838 supernae
1001 1757 1169 1840 potestatis
1190 1757 1402 1820 instrumento
1416 1757 1511 1838 lugu·

459 1860 558 1924 briter
587 1859 713 1922 succisa
740 1861 983 1941 procumberet:
1026 1861 1075 1924 Ac
1103 1880 1162 1943 per
1195 1871 1317 1942 septem
1351 1879 1510 1922 annorum

461 1963 610 2041 circulos,
625 1963 809 2025 luxuriante
831 1963 980 2026 foliorum
1001 1961 1159 2026 viriditate
1184 1973 1217 2025 et
1234 1961 1387 2024 maliferis
1401 1981 1512 2024 surcu-

461 2066 562 2128 lorum
579 2061 745 2126 frondibus
760 2063 970 2135 fraudaretur;
992 2063 1187 2146 Prophetica
1201 2063 1355 2126 relatione
1370 2060 1515 2143 digessit,

461 2187 522 2229 nec
538 2185 603 2228 non
619 2165 774 2228 terrificos
789 2167 903 2248 palmae
920 2165 1061 2228 coelestis
1076 2164 1228 2228 articulos
1242 2163 1339 2227 flexis
1352 2163 1512 2226 literarum

462 2267 609 2350 apicibus
629 2265 662 2328 in
686 2265 840 2348 quadrata
862 2266 993 2349 parietis
1016 2265 1133 2349 pagina
1147 2264 1339 2341 charaxatis,
1354 2260 1513 2347 tyrannici

463 2377 649 2452 potentatus
671 2368 793 2430 ruinam
822 2381 853 2431 et
882 2369 998 2449 regalis
1023 2367 1218 2431 monarchiae
1241 2365 1414 2430 discrimen
1438 2384 1512 2448 pcr-

463 2465 633 2530 tendentes
669 2468 729 2530 sub
761 2467 843 2531 trina
879 2469 1045 2531 verbomm
1082 2467 1331 2550 significatione,
1360 2465 1423 2528 hoc
1452 2477 1514 2542 est,

464 2569 573 2646 Mene,
589 2568 722 2648 Techel,
738 2569 868 2643 Pheres,
890 2570 979 2653 quod
997 2571 1236 2652 interpretatum
1259 2568 1387 2646 dicitur,
1401 2588 1515 2630 neme-

464 2673 561 2751 rocil,
574 2674 735 2753 pensaret,
749 2671 872 2752 diuisit,
887 2674 1043 2755 sagaciter
1057 2672 1246 2755 exposuisse
1262 2680 1461 2735 memoratur.

508 2776 559 2838 Ea
574 2784 762 2859 tempestate
784 2774 879 2838 etiam
903 2786 967 2838 tres
985 2774 1088 2857 pueri,
1109 2774 1195 2837 avita
1209 2774 1400 2837 Ebrreorum
1414 2772 1514 2854 stirpe

464 2875 633 2958 progeniti,
654 2887 686 2938 et
705 2875 739 2937 in
764 2874 1039 2955 transmigratione
1060 2873 1251 2955 Babylonia
1274 2870 1316 2935 ad
1339 2871 1514 2935 Chaldaeos

465 2974 607 3051 abducti,
622 2994 825 3056 nequaquam
842 2974 981 3037 carnalis
1001 2974 1127 3057 copulae
1142 2974 1362 3057 voluptatibus
1382 2993 1512 3056 operam
1603 3052 1608 3059 Ι

465 3073 593 3137 dedisse
614 3074 772 3155 leguntur,
787 3074 846 3137 sed
863 3075 897 3138 in
918 3086 1005 3139 arcto
1027 3086 1214 3157 spontaneae
1230 3075 1418 3157 virginitatis
1439 3096 1514 3159 pro·

464 3176 571 3261 posito
594 3175 808 3260 permansisse
833 3188 1058 3253 memorantur,
1080 3177 1228 3259 quamvis
1249 3176 1432 3260 importuna
1455 3178 1515 3240 Ju-

466 3277 606 3341 daeorum
623 3277 789 3359 garrulitas
811 3275 924 3339 frivola
938 3276 1087 3356 salsitatis
1107 3276 1316 3341 deliramenta
1337 3277 1515 3361 confingat,

466 3375 618 3439 adserens
639 3396 842 3460 nequaquam
862 3376 992 3439 eosdem
1014 3377 1162 3459 puberes,
1183 3388 1239 3439 aut
1257 3378 1426 3461 prefamm
1446 3380 1515 3442 col·

465 3478 569 3558 legam
586 3486 727 3539 extemec
749 3475 1013 3559 peregrinationis
1026 3476 1220 3559 participem
1234 3478 1399 3541 ultroneos
1420 3479 1517 3542 casti·

466 3579 540 3643 tatis
561 3577 706 3655 coelibes,
727 3576 784 3641 sed
804 3576 922 3641 invitos
941 3575 1104 3660 spadones
1122 3575 1279 3656 extitisse,
1295 3579 1351 3662 qui
1372 3578 1516 3643 secundo

467 3679 686 3743 eunuchorum
705 3677 817 3761 gradui
840 3677 1040 3758 Evangelics
1055 3677 1192 3741 veritatis
1211 3680 1438 3761 astipulatione
1461 3681 1512 3745 de·

466 3792 604 3865 putatur.
651 3781 697 3843 Hi
713 3780 854 3863 denique
875 3779 910 3840 iu
925 3790 1049 3842 tantum
1068 3789 1210 3861 patema
1232 3780 1411 3845 traditionis
1424 3804 1517 3865 regu·

464 3885 529 3947 lam
545 3894 578 3945 et
592 3881 708 3945 diviua
729 3881 907 3946 sanctionis
926 3901 1095 3944 censuram
1116 3902 1258 3947 servasse
1281 3883 1518 3963 describuntur,

466 3994 503 4048 ut
517 3983 612 4048 etiam
629 3981 669 4045 ad
685 3981 893 4047 obtinendam
904 3983 1095 4065 integritatis
1109 3986 1358 4049 etcontinentiae
1373 3989 1518 4069 gloriam,

468 4086 636 4170 opulentas
657 4085 811 4165 regalium
832 4083 1023 4147 ferculorum
1045 4084 1179 4148 delicias
1199 4098 1232 4148 et
1250 4087 1439 4171 principalis
1458 4089 1517 4153 ali-

467 4187 584 4253 moniae
604 4188 804 4269 pulmentum
818 4183 853 4245 in
868 4185 1039 4249 tenerrima
1059 4187 1226 4269 pubertate
1241 4190 1516 4272 contempserint;

468 4290 584 4353 vilibus
613 4300 736 4352 tantum
774 4284 989 4370 leguminibus
1018 4288 1115 4352 vitam
1151 4300 1328 4355 sustentare
1363 4292 1519 4371 contenti,

467 4390 619 4455 lascivam
630 4389 809 4473 juventutis
824 4391 1033 4471 petulantiam
1048 4393 1253 4456 refrenarunt
1299 4394 1518 4467 Quamobrem

468 4514 595 4559 enorme
627 4490 795 4557 Chaldaici
825 4493 1001 4573 regnatoris
1029 4496 1246 4573 simulacrum,
1277 4496 1364 4580 quod
1397 4500 1518 4561 Colossi
