3759 5425
654 758 809 807 avrsrom
825 762 869 806 sn
884 759 1060 822 scrncruu,
1076 762 1145 809 arc.
1357 750 1421 810 ala

417 916 459 979 D.
484 911 593 989 Unde,
619 933 710 996 rogo,
734 914 796 977 ista
821 913 988 979 diversitas
1012 924 1046 979 et
1068 913 1166 978 veluti
1191 914 1420 980 inconvenieus

371 1014 553 1101 diaphonia
565 1025 725 1092 nascatur,
735 1034 810 1079 cum
824 1014 859 1078 in
875 1016 1038 1100 praedictis
1053 1013 1165 1080 decem
1175 1014 1315 1098 pedibus
1329 1038 1421 1101 aquo

371 1118 543 1183 divisionis
556 1117 674 1198 exagio
688 1117 872 1181 trutinantis
892 1116 984 1202 quasi
1007 1116 1156 1202 quasdam
1178 1115 1337 1199 organicas
1355 1138 1423 1182 mo-

373 1218 550 1286 dulationis
565 1217 705 1282 melodia
725 1219 772 1282 ita
792 1239 930 1283 concors
952 1229 1133 1303 temporum
1154 1217 1321 1283 harmonia
1335 1230 1422 1284 tene·

373 1321 548 1387 atus-M.
565 1319 651 1393 Quia
665 1340 759 1403 paron
775 1320 887 1384 tertius
904 1342 1030 1405 semper
1045 1331 1139 1385 acuto
1161 1330 1297 1386 accentu
1312 1323 1423 1404 penul-

373 1422 485 1486 timam
508 1422 666 1505 producit,
680 1430 717 1486 ut
738 1423 965 1499 calamistrum,
988 1421 1073 1486 unde
1096 1421 1254 1486 derivatur
1276 1422 1422 1487 calamis·

373 1534 474 1588 tratus
503 1524 681 1607 epithetum
688 1546 698 1600 ;
720 1534 776 1587 aut
801 1523 1026 1601 circumflexo,
1047 1535 1084 1588 ut
1108 1522 1280 1587 medicina.
1324 1523 1423 1589 Paeon

373 1645 449 1688 vcro
463 1625 587 1709 primus
602 1634 635 1687 et
655 1623 819 1688 secundus
839 1644 965 1708 semper
986 1633 1061 1689 ante
1084 1624 1294 1707 penultimam
1309 1645 1422 1689 acuere

373 1736 547 1791 accentum
560 1726 687 1809 legibus
702 1726 949 1808 compelluntur.

737 1854 789 1917 De
804 1850 919 1915 Poeoae
933 1860 1061 1935 quarto.

417 1958 460 2021 D.
482 1954 624 2018 Promito
634 1952 763 2017 tandem
777 1954 901 2037 paeonis
912 1953 1017 2036 quarti
1031 1950 1190 2034 regulares
1199 1950 1421 2035 exemplorum

372 2056 626 2121 formulas-M.
650 2054 798 2117 Strictius
811 2054 898 2117 huuc
908 2052 1026 2137 pedem
1036 2060 1306 2116 commentaturus
1321 2072 1420 2136 expe-

374 2158 471 2237 diam,
494 2158 570 2221 dum
593 2158 686 2241 plura
716 2156 859 2240 exempli
890 2155 1087 2219 documenta
1123 2151 1260 2215 ubertim
1289 2152 1421 2217 minime

373 2258 592 2343 suppeditent,
627 2268 663 2320 ut
698 2254 873 2332 humilitas,
908 2254 1066 2329 saturitas,
1104 2250 1243 2329 satietas,
1279 2252 1422 2331 varietas,

372 2360 545 2438 temeritas,
567 2359 704 2440 agilitas,
727 2356 874 2434 facilitas,
896 2355 1068 2437 gracilitas,
1090 2352 1246 2429 celeritas,
1267 2351 1422 2435 viriditas,

373 2461 522 2538 tenuitas,
558 2458 729 2542 cupiditas,
758 2456 926 2535 stabilitas,
955 2467 992 2519 ut
1020 2454 1159 2537 Prosper
1187 2451 1222 2513 in
1252 2451 1421 2533 Epigram-

373 2561 529 2626 mutibus:

514 2676 572 2729 Lex
583 2681 682 2728 oetsrna
693 2673 747 2727 Dei
758 2671 846 2727 stabili
857 2672 928 2741 ragit
938 2670 1025 2725 omnia
1036 2672 1110 2722 nutu.

372 2785 429 2850 Sic
450 2782 619 2857 stoliditas,
634 2781 814 2865 proceritas.
838 2779 976 2867 Necnon
1001 2774 1096 2838 etiam
1118 2773 1175 2836 ills
1192 2769 1325 2834 nomina
1347 2789 1421 2852 qua

371 2897 460 2950 recto
481 2905 559 2948 casu
579 2883 614 2946 in
635 2879 921 2965 proceleusmatico
944 2876 1091 2962 superius
1112 2873 1344 2956 congessimus,
1363 2893 1423 2957 per

372 2986 550 3068 genitivum
558 2984 634 3047 huic
642 2980 719 3066 pedi
726 2978 913 3062 regulariter
921 2973 1421 3063 aptabuntur,fidiculalidiculae,

372 3087 499 3152 miseria
516 3086 662 3161 miseria,
685 3082 847 3146 crucicola
872 3081 937 3159 -loe,
959 3078 1089 3162 apicula
1113 3078 1180 3154 -lae,
1202 3073 1329 3139 avicula
1355 3073 1421 3150 -lae,

373 3189 538 3254 crucicula
552 3188 616 3250 le.
662 3183 816 3257 Quamvis
829 3179 995 3245 Juvenalis
1010 3178 1183 3244 auctoritas
1198 3174 1373 3254 variaverit,
1387 3184 1423 3237 ut

373 3310 471 3374 supra
492 3287 668 3352 retulimus.
713 3281 863 3348 Coticula
892 3301 978 3358 vero,
1008 3279 1100 3363 cujus
1128 3275 1325 3361 primitivum
1354 3296 1421 3354 cos,

373 3391 481 3477 paconi
496 3389 599 3474 primo
614 3383 806 3450 adsciscitur
820 3380 967 3444 versifico
982 3379 1022 3442 de
1043 3398 1129 3462 aqua
1142 3375 1419 3440 contradictionis:

695 3541 699 3551 ,
714 3540 721 3553 .
734 3537 742 3553 .
759 3502 912 3569 rumpuntur
923 3494 1023 3548 cotibus
1035 3508 1134 3544 amnes.

374 3612 428 3675 Sic
447 3610 546 3673 Paeon
567 3615 699 3691 quartus
718 3601 885 3666 latibulum
905 3597 1042 3673 latibuli,
1056 3594 1238 3678 patibulum
1253 3592 1303 3670 -li,
1317 3593 1420 3656 mani·

374 3714 470 3798 pulus
482 3711 531 3789 ·li,
540 3708 694 3792 puerulus
703 3704 753 3768 -1i.
775 3706 819 3766 At
830 3722 903 3764 vero
912 3697 1199 3784 proceleusmatico
1207 3716 1265 3779 per
1273 3693 1423 3778 obliquos

374 3834 469 3878 casus
483 3811 655 3893 genitivum
671 3815 705 3870 et
725 3803 898 3868 ablativum
914 3800 1156 3864 accumulantes
1171 3794 1421 3878 aggregavimus,

374 3913 415 3979 ad
429 3911 554 3997 paeonis
569 3908 672 3994 quarti
687 3907 917 3970 documentum
931 3901 1063 3964 minime
1080 3905 1282 3962 concurrant
1313 3895 1422 3958 Verba

374 4025 481 4080 autem
497 4026 562 4076 tam
583 4007 750 4072 indicativi
765 4025 863 4088 quam
882 4000 1078 4086 subjunctivi
1092 3996 1191 4076 modi,
1205 4017 1278 4080 quae
1300 3996 1335 4058 in
1349 4015 1422 4079 pro·

374 4113 597 4182 celeusmatico
618 4105 900 4192 promulgavimus,
917 4103 994 4166 huic
1013 4101 1132 4182 regulae
1152 4098 1210 4161 rite
1226 4093 1423 4160 concordant

374 4218 464 4282 tertia
478 4215 637 4278 duntaxat
650 4228 798 4293 persona,
813 4216 848 4270 ut
869 4203 1002 4266 humilio
1021 4199 1203 4276 humiliant,
1217 4197 1316 4261 arieto
1343 4193 1422 4258 arie·

375 4327 458 4394 tant3
481 4317 527 4380 sic
554 4313 713 4397 operiunt.
758 4309 803 4371 Et
833 4306 866 4368 in
896 4301 1103 4386 subjunctivo
1132 4297 1229 4362 modo
1259 4294 1422 4359 docuerim

374 4419 552 4493 docuerint,
566 4411 737 4480 tumuerim
756 4409 843 4484 -rint,
865 4403 1042 4480 statuerint,
1057 4399 1225 4484 patuerint.
1269 4395 1422 4460 Animad-

375 4532 471 4599 verte,
486 4538 607 4602 quasso,
628 4514 817 4597 perplexam
841 4507 979 4570 metrica
1003 4503 1078 4567 artis
1101 4500 1325 4565 subtilitatem:
1349 4519 1423 4562 nam
