3759 5425
474 730 516 788 88
805 745 1023 792 s.atn11stu1
1041 746 1196 790 semrom

474 896 691 980 quodcunque
720 898 869 979 ligaveris
899 921 994 985 super
1023 909 1149 978 terrem,
1179 898 1238 961 erit
1267 897 1402 979 ligatum
1430 912 1463 962 et
1492 900 1530 962 in

473 999 576 1077 coells,
596 1008 629 1062 et
648 999 866 1084 quodcunque
888 1001 1022 1065 solveris
1045 1011 1285 1086 superterram,
1305 1001 1366 1062 erit
1385 1004 1531 1065 solutum

474 1112 507 1165 et
521 1103 555 1165 in
571 1104 664 1168 coelo.
710 1105 745 1168 Si
761 1125 838 1187 crgo
852 1106 949 1170 Petro
968 1106 1073 1170 claves
1093 1101 1235 1169 coelestis
1254 1101 1344 1183 regni
1364 1123 1383 1166 a
1397 1102 1532 1168 Christo

474 1208 600 1271 collatae
616 1217 702 1285 sunt,
716 1207 756 1271 de
772 1231 835 1292 quo
851 1217 948 1292 poeta
963 1209 1025 1271 ait:

616 1313 740 1382 claviger
752 1314 890 1379 aethereus,
901 1319 1002 1385 portam
1014 1313 1057 1382 qui
1069 1313 1160 1384 pandit
1172 1313 1200 1366 in
1213 1313 1305 1367 arthn.

475 1411 548 1494 quis
571 1411 730 1476 Ecclesiae
754 1409 824 1495 ejus
850 1419 968 1474 statuta
993 1409 1187 1494 principalia
1208 1431 1373 1494 spernens,
1395 1419 1427 1473 et
1447 1409 1529 1474 doc-

473 1514 565 1577 triuae
587 1512 738 1576 mandata
759 1523 968 1576 contemnens
997 1533 1055 1594 per
1077 1511 1217 1575 coelestis
1239 1511 1379 1596 peradisi
1402 1521 1529 1596 portam

474 1611 726 1697 gratulabundus
748 1611 949 1694 ingreditur?
984 1621 1017 1675 et
1042 1612 1069 1674 si
1095 1611 1164 1695 ipse
1189 1621 1379 1696 pqtestatem
1404 1611 1530 1694 ligandi

473 1726 570 1799 atque
585 1714 804 1778 monarchiam
820 1713 964 1777 solvendi
986 1713 1019 1775 in
1036 1712 1119 1777 coelo
1134 1723 1166 1776 et
1185 1714 1218 1776 in
1235 1723 1327 1792 terra,
1342 1713 1427 1778 felici
1442 1723 1529 1778 sorte

472 1827 505 1880 et
524 1815 677 1900 peculiari
700 1815 867 1900 privilegio
885 1815 1033 1898 accipere
1058 1815 1244 1898 promeruit,
1264 1816 1338 1897 quis
1358 1813 1529 1878 Paschalis

472 1917 544 1983 testi
574 1917 727 2001 regulam,
749 1927 782 1980 et
809 1928 949 1980 tonsurae
979 1915 1134 1980 Remanae
1163 1915 1258 1980 ritum
1287 1917 1438 1996 refutans,
1458 1937 1528 1980 non

473 2022 582 2107 potius
611 2043 645 2084 se
682 2020 800 2083 strictis
828 2019 972 2082 nexibus
1008 2017 1273 2082 inextricabiliter
1303 2018 1528 2102 obligandum,

475 2143 571 2207 quam
591 2119 820 2185 absolvendum
845 2121 1019 2184 clementer
1043 2120 1204 2183 ullatenus
1230 2119 1419 2184 arbitretur?
1458 2119 1526 2184 Sed

462 2226 607 2289 ¹fortasse
644 2223 779 2308 quilibet
808 2223 997 2306 strophosus
1025 2222 1178 2285 libromm
1215 2224 1326 2298 lector,
1357 2243 1394 2286 ac
1425 2243 1526 2306 sagax

477 2327 703 2412 scripturarum
727 2323 923 2408 disceptator
945 2325 1000 2388 tali
1030 2347 1065 2388 se
1088 2324 1308 2390 excusationis
1330 2325 1446 2410 clypeo
1470 2323 1526 2388 de·

475 2429 598 2509 fendat,
619 2437 652 2492 ct
674 2428 747 2491 talis
768 2426 925 2510 apologiae
949 2447 1061 2510 parma
1082 2437 1238 2511 protegat,
1259 2429 1345 2511 Ego,
1366 2415 1597 2512 inquiens*

476 2533 642 2616 utriusque
667 2527 869 2593 instrumenti
895 2539 1056 2612 praecepta
1080 2528 1204 2592 sincera
1229 2528 1294 2592 fide
1319 2550 1460 2607 veneror,
1485 2549 1524 2592 ae

476 2637 606 2701 Sancte
621 2633 789 2698 Trinitatis
805 2653 901 2696 unam
923 2631 1106 2711 essentiam,
1121 2653 1281 2717 unamque
1303 2631 1524 2708 substantiam,

474 2751 508 2805 et
521 2740 636 2803 trinam
650 2756 857 2820 personarum
874 2733 1084 2797 substantiam
1104 2734 1199 2798 corde
1214 2734 1345 2799 credulo
1359 2734 1526 2813 confiteor,

473 2840 657 2905 Dominicae
679 2836 907 2901 iucarnationis
934 2848 1178 2914 sacramentum,
1201 2846 1234 2900 et
1254 2839 1414 2921 passionis
1442 2837 1524 2920 pati·

472 2945 596 3019 bulum,
611 2962 649 3005 ac
664 2940 902 3003 resurrectionis
917 2950 1070 3023 tropicum
1086 2962 1165 3004 voce
1179 2942 1280 3006 libera
1294 2964 1351 3027 per
1367 2944 1524 3028 populum

472 3041 665 3126 praedicabo.
711 3041 902 3124 Supremum
927 3040 1072 3107 vivorum
1098 3053 1131 3107 et
1155 3052 1351 3108 mortuorum
1375 3065 1522 3123 examen,

474 3141 605 3229 quando
621 3141 757 3223 singulis
775 3141 958 3225 quibusque
978 3164 1036 3228 pro
1051 3145 1233 3208 meritorum
1256 3144 1436 3210 diversitate
1458 3146 1522 3211 dis·

470 3263 530 3327 par
558 3241 723 3306 retributio
754 3241 946 3325 aequissimis
977 3242 1095 3327 judicii
1124 3246 1272 3309 lancibus
1308 3247 1523 3327 trutinabitur,

472 3344 642 3427 diligenter
666 3342 874 3422 denuntiabo,
892 3355 925 3408 et
946 3346 1043 3430 hujus
1062 3345 1139 3411 fidei
1161 3348 1328 3431 privilegio
1349 3350 1381 3411 in
1403 3350 1523 3414 Catho-

473 3446 609 3510 licorum
624 3454 707 3509 caetu
722 3446 916 3526 glomeratus
929 3447 998 3510 sine
1013 3447 1121 3533 aliquo
1142 3448 1341 3513 infelicitatis
1355 3450 1523 3515 obstaculo

474 3548 737 3614 connumerabor.
782 3544 849 3611 Sed
870 3546 968 3631 hujus
991 3549 1208 3613 excusationis
1235 3552 1524 3635 propugnaculum,

472 3652 533 3714 sub
550 3670 615 3732 quo
639 3670 673 3713 se
690 3646 876 3711 delitescere
892 3647 1072 3728 confidunt,
1086 3650 1284 3733 Apostolieae
1305 3651 1525 3735 castigationis

471 3754 589 3817 balista
617 3752 687 3815 solo
719 3761 811 3814 tenus
847 3749 989 3814 dirutum
1021 3771 1234 3835 conquassare
1263 3763 1296 3815 et
1325 3752 1525 3833 confringere

472 3857 563 3917 nitar.
608 3854 663 3918 Ait
678 3874 816 3939 namque
830 3853 975 3917 lacobus
991 3863 1166 3919 materteras
1181 3855 1315 3918 Domini
1330 3853 1433 3917 filius:
1472 3852 1524 3915 Tu

473 3954 589 4033 credis,
604 3955 680 4037 quia
694 3976 777 4018 unus
795 3962 845 4017 est
858 3954 961 4030 Deus,
976 3964 1009 4017 et
1030 3952 1106 4038 quia
1120 3976 1177 4039 per
1195 3955 1329 4021 ironiam
1350 3954 1522 4019 duodecim

471 4059 618 4122 tribubus
641 4057 676 4119 in
704 4056 904 4139 dispersione
935 4056 1081 4137 gentium
1112 4058 1294 4121 constitutis
1323 4057 1523 4140 loquebatur,

472 4162 579 4225 statim
595 4159 773 4244 subjunxit,
790 4156 879 4221 Bene
893 4157 991 4222 sacis:
1016 4167 1049 4222 et
1064 4160 1227 4224 deamones
1243 4159 1378 4223 credunt
1392 4168 1424 4221 et
1444 4179 1523 4222 con-

473 4262 670 4336 tremiscunt,
695 4261 770 4344 quia
793 4257 875 4322 fides
900 4258 970 4322 sine
997 4260 1148 4343 operibus
1172 4270 1380 4325 mortuaest.
1425 4258 1524 4324 Fides

471 4381 587 4443 nempe
604 4359 774 4424 catholica
792 4366 824 4423 et
843 4359 988 4424 fraternae
1004 4362 1145 4426 caritatis
1165 4362 1340 4427 concordia
1360 4362 1524 4445 insepara-

470 4460 577 4524 biliter
601 4460 670 4542 pari
696 4458 820 4524 tremite
841 4459 989 4539 tendunt,
1010 4462 1093 4525 sicut
1115 4464 1304 4546 praedicator
1324 4463 1472 4545 egregius
1492 4474 1524 4526 et

473 4585 529 4628 ras
543 4562 712 4628 electionis
721 4564 883 4643 eleganter
892 4570 1057 4627 attestatur
1071 4564 1103 4643 [l
1120 4564 1192 4629 Cor.
1204 4566 1307 4647 xiii.]:
1333 4565 1522 4629 straverint
