<?xml version="1.0" encoding="UTF-8"?>
<!DOCTYPE html PUBLIC "-//W3C//DTD XHTML 1.0 Transitional//EN"
    "http://www.w3.org/TR/xhtml1/DTD/xhtml1-transitional.dtd">
<html xmlns="http://www.w3.org/1999/xhtml" xml:lang="en" lang="en">
 <head>
  <title>
</title>
<meta http-equiv="Content-Type" content="text/html;charset=utf-8" />
  <meta name='ocr-system' content='tesseract 3.04.00' />
  <meta name='ocr-capabilities' content='ocr_page ocr_carea ocr_par ocr_line ocrx_word'/>
</head>
<body>
  <div class='ocr_page' id='page_1' title='image "./operaquextantom00aldhgoog_0239.png"; bbox 0 0 3759 5425; ppageno 0'>
   <div class='ocr_carea' id='block_1_1' title="bbox 652 753 1441 817">
    <p class='ocr_par' dir='ltr' id='par_1_1' title="bbox 652 753 1441 817">
     <span class='ocr_line' id='line_1_1' title="bbox 652 753 1441 817; baseline -0.004 -2"><span class='ocrx_word' id='word_1_1' title='bbox 652 771 697 815; x_wconf 80' lang='lat' dir='ltr'><strong>un</strong></span> <span class='ocrx_word' id='word_1_2' title='bbox 713 771 796 817; x_wconf 83' lang='lat' dir='ltr'><strong>ocro</strong></span> <span class='ocrx_word' id='word_1_3' title='bbox 812 770 1066 817; x_wconf 76' lang='lat' dir='ltr'><strong>rmucrmmnos</strong></span> <span class='ocrx_word' id='word_1_4' title='bbox 1082 769 1187 815; x_wconf 72' lang='lat' dir='ltr'><strong>virus.</strong></span> <span class='ocrx_word' id='word_1_5' title='bbox 1382 753 1441 812; x_wconf 76' lang='lat'><strong>211</strong></span> 
     </span>
    </p>
   </div>
   <div class='ocr_carea' id='block_1_2' title="bbox 478 921 1415 1614">
    <p class='ocr_par' dir='ltr' id='par_1_2' title="bbox 480 921 1277 1008">
     <span class='ocr_line' id='line_1_2' title="bbox 480 921 1277 1008; baseline -0.001 -23"><span class='ocrx_word' id='word_1_6' title='bbox 480 921 644 1004; x_wconf 74' lang='lat' dir='ltr'><strong>Sanguine</strong></span> <span class='ocrx_word' id='word_1_7' title='bbox 658 945 817 1008; x_wconf 88' lang='lat' dir='ltr'><strong>purpureo</strong></span> <span class='ocrx_word' id='word_1_8' title='bbox 832 924 908 988; x_wconf 91' lang='lat' dir='ltr'><strong>dum</strong></span> <span class='ocrx_word' id='word_1_9' title='bbox 924 945 1028 988; x_wconf 82' lang='lat' dir='ltr'><strong>saevus</strong></span> <span class='ocrx_word' id='word_1_10' title='bbox 1043 943 1114 987; x_wconf 90' lang='lat' dir='ltr'><strong>rura</strong></span> <span class='ocrx_word' id='word_1_11' title='bbox 1130 931 1277 985; x_wconf 88' lang='lat' dir='ltr'><strong>cruentat</strong></span> 
     </span>
    </p>

    <p class='ocr_par' dir='ltr' id='par_1_3' title="bbox 480 1021 1291 1106">
     <span class='ocr_line' id='line_1_3' title="bbox 480 1021 1291 1106; baseline 0.001 -23"><span class='ocrx_word' id='word_1_12' title='bbox 480 1021 561 1086; x_wconf 89' lang='lat' dir='ltr'><strong>Inde</strong></span> <span class='ocrx_word' id='word_1_13' title='bbox 576 1026 784 1106; x_wconf 83' lang='lat' dir='ltr'><strong>superbarum</strong></span> <span class='ocrx_word' id='word_1_14' title='bbox 799 1034 975 1090; x_wconf 83' lang='lat' dir='ltr'><strong>nascuntur</strong></span> <span class='ocrx_word' id='word_1_15' title='bbox 988 1045 1149 1088; x_wconf 84' lang='lat' dir='ltr'><strong>murmure</strong></span> <span class='ocrx_word' id='word_1_16' title='bbox 1164 1043 1291 1098; x_wconf 86' lang='lat' dir='ltr'><strong>vocum,</strong></span> 
     </span>
    </p>

    <p class='ocr_par' dir='ltr' id='par_1_4' title="bbox 480 1117 1187 1208">
     <span class='ocr_line' id='line_1_4' title="bbox 480 1117 1187 1208; baseline 0.006 -24"><span class='ocrx_word' id='word_1_17' title='bbox 480 1117 525 1187; x_wconf 85' lang='lat' dir='ltr'><strong>Et</strong></span> <span class='ocrx_word' id='word_1_18' title='bbox 538 1125 659 1189; x_wconf 82' lang='lat' dir='ltr'><strong>crimen</strong></span> <span class='ocrx_word' id='word_1_19' title='bbox 674 1125 782 1190; x_wconf 84' lang='lat' dir='ltr'><strong>cordis</strong></span> <span class='ocrx_word' id='word_1_20' title='bbox 797 1125 886 1190; x_wconf 88' lang='lat' dir='ltr'><strong>dioto</strong></span> <span class='ocrx_word' id='word_1_21' title='bbox 900 1125 1187 1208; x_wconf 81' lang='lat' dir='ltr'><strong>perere&#39;negantis,</strong></span> 
     </span>
    </p>

    <p class='ocr_par' dir='ltr' id='par_1_5' title="bbox 480 1225 1415 1411">
     <span class='ocr_line' id='line_1_5' title="bbox 480 1225 1281 1306; baseline -0.002 -19"><span class='ocrx_word' id='word_1_22' title='bbox 480 1225 528 1289; x_wconf 84' lang='lat' dir='ltr'><strong>Ac</strong></span> <span class='ocrx_word' id='word_1_23' title='bbox 542 1227 686 1290; x_wconf 89' lang='lat' dir='ltr'><strong>lacerans</strong></span> <span class='ocrx_word' id='word_1_24' title='bbox 700 1227 846 1292; x_wconf 89' lang='lat' dir='ltr'><strong>homines</strong></span> <span class='ocrx_word' id='word_1_25' title='bbox 860 1237 934 1291; x_wconf 84' lang='lat' dir='ltr'><strong>trux</strong></span> <span class='ocrx_word' id='word_1_26' title='bbox 950 1226 1136 1290; x_wconf 84' lang='lat' dir='ltr'><strong>detrectatio</strong></span> <span class='ocrx_word' id='word_1_27' title='bbox 1151 1225 1281 1306; x_wconf 75' lang='lat' dir='ltr'><strong>lingum.</strong></span> 
     </span>
     <span class='ocr_line' id='line_1_6' title="bbox 524 1324 1415 1411; baseline -0.002 -22"><span class='ocrx_word' id='word_1_28' title='bbox 524 1324 649 1391; x_wconf 84' lang='lat' dir='ltr'><strong>Caetere</strong></span> <span class='ocrx_word' id='word_1_29' title='bbox 664 1348 736 1411; x_wconf 80' lang='lat' dir='ltr'><strong>quae</strong></span> <span class='ocrx_word' id='word_1_30' title='bbox 750 1327 874 1391; x_wconf 90' lang='lat' dir='ltr'><strong>dudum</strong></span> <span class='ocrx_word' id='word_1_31' title='bbox 888 1327 1125 1391; x_wconf 79' lang='lat' dir='ltr'><strong>numeravimus</strong></span> <span class='ocrx_word' id='word_1_32' title='bbox 1140 1324 1269 1407; x_wconf 84' lang='lat' dir='ltr'><strong>agmina</strong></span> <span class='ocrx_word' id='word_1_33' title='bbox 1283 1331 1415 1408; x_wconf 85' lang='lat' dir='ltr'>septem,</span> 
     </span>
    </p>

    <p class='ocr_par' dir='ltr' id='par_1_6' title="bbox 481 1424 1162 1512">
     <span class='ocr_line' id='line_1_7' title="bbox 481 1424 1162 1512; baseline 0.001 -24"><span class='ocrx_word' id='word_1_34' title='bbox 481 1424 572 1490; x_wconf 85' lang='lat' dir='ltr'><strong>Inter</strong></span> <span class='ocrx_word' id='word_1_35' title='bbox 585 1429 735 1492; x_wconf 78' lang='lat' dir='ltr'><strong>mortales</strong></span> <span class='ocrx_word' id='word_1_36' title='bbox 749 1440 876 1492; x_wconf 84' lang='lat' dir='ltr'><strong>terrena</strong></span> <span class='ocrx_word' id='word_1_37' title='bbox 891 1429 990 1512; x_wconf 88' lang='lat' dir='ltr'><strong>stirpe</strong></span> <span class='ocrx_word' id='word_1_38' title='bbox 1006 1438 1162 1492; x_wconf 77' lang='lat' dir='ltr'><strong>creantur.</strong></span> 
     </span>
    </p>

    <p class='ocr_par' dir='ltr' id='par_1_7' title="bbox 478 1527 1310 1614">
     <span class='ocr_line' id='line_1_8' title="bbox 478 1527 1310 1614; baseline 0 -24"><span class='ocrx_word' id='word_1_39' title='bbox 478 1527 539 1591; x_wconf 81' lang='lat' dir='ltr'><strong>Ast</strong></span> <span class='ocrx_word' id='word_1_40' title='bbox 553 1549 628 1592; x_wconf 83' lang='lat' dir='ltr'><strong>vero</strong></span> <span class='ocrx_word' id='word_1_41' title='bbox 641 1539 829 1609; x_wconf 83' lang='lat' dir='ltr'><strong>monstrum,</strong></span> <span class='ocrx_word' id='word_1_42' title='bbox 843 1528 884 1593; x_wconf 88' lang='lat' dir='ltr'><strong>de</strong></span> <span class='ocrx_word' id='word_1_43' title='bbox 900 1551 964 1614; x_wconf 92' lang='lat' dir='ltr'><strong>quo</strong></span> <span class='ocrx_word' id='word_1_44' title='bbox 979 1551 1067 1594; x_wconf 91' lang='lat' dir='ltr'><strong>nunc</strong></span> <span class='ocrx_word' id='word_1_45' title='bbox 1083 1529 1201 1613; x_wconf 83' lang='lat' dir='ltr'><strong>pagine</strong></span> <span class='ocrx_word' id='word_1_46' title='bbox 1216 1529 1310 1604; x_wconf 82' lang='lat' dir='ltr'><strong>latur,</strong></span> 
     </span>
    </p>
   </div>
   <div class='ocr_carea' id='block_1_3' title="bbox 480 1627 1415 4549">
    <p class='ocr_par' dir='ltr' id='par_1_8' title="bbox 480 1627 1415 4549">
     <span class='ocr_line' id='line_1_9' title="bbox 480 1627 1307 1716; baseline 0.001 -26"><span class='ocrx_word' id='word_1_47' title='bbox 480 1627 680 1713; x_wconf 86' lang='lat' dir='ltr'><strong>Principium</strong></span> <span class='ocrx_word' id='word_1_48' title='bbox 695 1631 833 1713; x_wconf 88' lang='lat' dir='ltr'><strong>sumpsit</strong></span> <span class='ocrx_word' id='word_1_49' title='bbox 846 1652 944 1716; x_wconf 89' lang='lat' dir='ltr'><strong>super</strong></span> <span class='ocrx_word' id='word_1_50' title='bbox 957 1633 1022 1695; x_wconf 85' lang='lat' dir='ltr'><strong>alta</strong></span> <span class='ocrx_word' id='word_1_51' title='bbox 1037 1631 1206 1695; x_wconf 90' lang='lat' dir='ltr'><strong>cacumina</strong></span> <span class='ocrx_word' id='word_1_52' title='bbox 1220 1630 1307 1704; x_wconf 83' lang='lat' dir='ltr'><strong>coeli,</strong></span> 
     </span>
     <span class='ocr_line' id='line_1_10' title="bbox 480 1731 1268 1816; baseline 0.001 -23"><span class='ocrx_word' id='word_1_53' title='bbox 480 1731 656 1812; x_wconf 82' lang='lat' dir='ltr'><strong>Angelicus</strong></span> <span class='ocrx_word' id='word_1_54' title='bbox 670 1732 832 1815; x_wconf 86' lang='lat' dir='ltr'><strong>princeps,</strong></span> <span class='ocrx_word' id='word_1_55' title='bbox 847 1742 880 1796; x_wconf 90' lang='lat' dir='ltr'><strong>et</strong></span> <span class='ocrx_word' id='word_1_56' title='bbox 893 1743 1007 1816; x_wconf 89' lang='lat' dir='ltr'><strong>protus</strong></span> <span class='ocrx_word' id='word_1_57' title='bbox 1022 1732 1135 1796; x_wconf 85' lang='lat' dir='ltr'><strong>lucifer</strong></span> <span class='ocrx_word' id='word_1_58' title='bbox 1149 1732 1268 1808; x_wconf 69' lang='lat' dir='ltr'><strong>ethra,</strong></span> 
     </span>
     <span class='ocr_line' id='line_1_11' title="bbox 480 1831 1258 1916; baseline 0.004 -23"><span class='ocrx_word' id='word_1_59' title='bbox 480 1831 536 1894; x_wconf 85' lang='lat' dir='ltr'><strong>Ex</strong></span> <span class='ocrx_word' id='word_1_60' title='bbox 551 1833 713 1916; x_wconf 81' lang='lat' dir='ltr'><strong>Aquilone</strong></span> <span class='ocrx_word' id='word_1_61' title='bbox 727 1854 821 1897; x_wconf 87' lang='lat' dir='ltr'><strong>suum</strong></span> <span class='ocrx_word' id='word_1_62' title='bbox 837 1832 915 1897; x_wconf 87' lang='lat' dir='ltr'><strong>dum</strong></span> <span class='ocrx_word' id='word_1_63' title='bbox 930 1834 1102 1897; x_wconf 78' lang='lat' dir='ltr'><strong>sublimare</strong></span> <span class='ocrx_word' id='word_1_64' title='bbox 1117 1834 1258 1897; x_wconf 82' lang='lat' dir='ltr'><strong>tribunal</strong></span> 
     </span>
     <span class='ocr_line' id='line_1_12' title="bbox 481 1931 1344 2017; baseline -0.001 -23"><span class='ocrx_word' id='word_1_65' title='bbox 481 1931 611 2006; x_wconf 87' lang='lat' dir='ltr'><strong>Gestiit,</strong></span> <span class='ocrx_word' id='word_1_66' title='bbox 627 1944 660 1996; x_wconf 82' lang='lat' dir='ltr'><strong>et</strong></span> <span class='ocrx_word' id='word_1_67' title='bbox 674 1932 815 1996; x_wconf 91' lang='lat' dir='ltr'><strong>Domino</strong></span> <span class='ocrx_word' id='word_1_68' title='bbox 831 1934 966 1997; x_wconf 79' lang='lat' dir='ltr'><strong>similem</strong></span> <span class='ocrx_word' id='word_1_69' title='bbox 983 1954 1018 1996; x_wconf 89' lang='lat' dir='ltr'><strong>se</strong></span> <span class='ocrx_word' id='word_1_70' title='bbox 1032 1933 1143 1997; x_wconf 81' lang='lat' dir='ltr'><strong>frende</strong></span> <span class='ocrx_word' id='word_1_71' title='bbox 1159 1931 1344 2017; x_wconf 84' lang='lat' dir='ltr'><strong>spopondit.</strong></span> 
     </span>
     <span class='ocr_line' id='line_1_13' title="bbox 522 2033 1415 2118; baseline 0.002 -23"><span class='ocrx_word' id='word_1_72' title='bbox 522 2033 543 2095; x_wconf 85' lang='lat' dir='ltr'>J</span> <span class='ocrx_word' id='word_1_73' title='bbox 545 2053 660 2116; x_wconf 90' lang='lat' dir='ltr'><strong>amque</strong></span> <span class='ocrx_word' id='word_1_74' title='bbox 674 2055 791 2096; x_wconf 87' lang='lat' dir='ltr'><strong>novem</strong></span> <span class='ocrx_word' id='word_1_75' title='bbox 804 2034 951 2118; x_wconf 82' lang='lat' dir='ltr'><strong>lapidum</strong></span> <span class='ocrx_word' id='word_1_76' title='bbox 967 2035 1067 2098; x_wconf 83' lang='lat' dir='ltr'><strong>forms</strong></span> <span class='ocrx_word' id='word_1_77' title='bbox 1080 2034 1263 2118; x_wconf 86' lang='lat' dir='ltr'><strong>phaleratus</strong></span> <span class='ocrx_word' id='word_1_78' title='bbox 1278 2055 1415 2110; x_wconf 83' lang='lat' dir='ltr'><strong>emoena,</strong></span> 
     </span>
     <span class='ocr_line' id='line_1_14' title="bbox 482 2134 1245 2222; baseline 0.003 -23"><span class='ocrx_word' id='word_1_79' title='bbox 482 2134 605 2199; x_wconf 81' lang='lat' dir='ltr'><strong>Contra</strong></span> <span class='ocrx_word' id='word_1_80' title='bbox 618 2135 802 2200; x_wconf 82' lang='lat' dir='ltr'><strong>Creatorem</strong></span> <span class='ocrx_word' id='word_1_81' title='bbox 817 2138 931 2201; x_wconf 83' lang='lat' dir='ltr'><strong>frustra</strong></span> <span class='ocrx_word' id='word_1_82' title='bbox 944 2151 1122 2221; x_wconf 83' lang='lat' dir='ltr'><strong>turgescere</strong></span> <span class='ocrx_word' id='word_1_83' title='bbox 1139 2139 1245 2222; x_wconf 81' lang='lat' dir='ltr'><strong>caepit,</strong></span> 
     </span>
     <span class='ocr_line' id='line_1_15' title="bbox 482 2237 1346 2324; baseline 0.003 -25"><span class='ocrx_word' id='word_1_84' title='bbox 482 2237 572 2300; x_wconf 89' lang='lat' dir='ltr'><strong>Dum</strong></span> <span class='ocrx_word' id='word_1_85' title='bbox 586 2237 693 2300; x_wconf 86' lang='lat' dir='ltr'><strong>scelus</strong></span> <span class='ocrx_word' id='word_1_86' title='bbox 706 2237 899 2301; x_wconf 87' lang='lat' dir='ltr'><strong>horrendum</strong></span> <span class='ocrx_word' id='word_1_87' title='bbox 915 2250 996 2303; x_wconf 85' lang='lat' dir='ltr'><strong>tetro</strong></span> <span class='ocrx_word' id='word_1_88' title='bbox 1012 2241 1072 2304; x_wconf 87' lang='lat' dir='ltr'><strong>sub</strong></span> <span class='ocrx_word' id='word_1_89' title='bbox 1086 2249 1217 2324; x_wconf 86' lang='lat' dir='ltr'><strong>pectore</strong></span> <span class='ocrx_word' id='word_1_90' title='bbox 1233 2250 1346 2318; x_wconf 81' lang='lat' dir='ltr'><strong>versat,</strong></span> 
     </span>
     <span class='ocr_line' id='line_1_16' title="bbox 483 2337 1297 2425; baseline 0.005 -25"><span class='ocrx_word' id='word_1_91' title='bbox 483 2339 529 2401; x_wconf 91' lang='lat' dir='ltr'><strong>Ut</strong></span> <span class='ocrx_word' id='word_1_92' title='bbox 542 2337 719 2402; x_wconf 89' lang='lat' dir='ltr'><strong>Dominum</strong></span> <span class='ocrx_word' id='word_1_93' title='bbox 734 2341 873 2422; x_wconf 89' lang='lat' dir='ltr'><strong>propriis</strong></span> <span class='ocrx_word' id='word_1_94' title='bbox 888 2354 1030 2425; x_wconf 69' lang='lat' dir='ltr'><strong>aequaret</strong></span> <span class='ocrx_word' id='word_1_95' title='bbox 1043 2341 1164 2404; x_wconf 85' lang='lat' dir='ltr'><strong>viribus</strong></span> <span class='ocrx_word' id='word_1_96' title='bbox 1179 2341 1297 2420; x_wconf 82' lang='lat' dir='ltr'><strong>audax,</strong></span> 
     </span>
     <span class='ocr_line' id='line_1_17' title="bbox 484 2437 1139 2517; baseline 0 -16"><span class='ocrx_word' id='word_1_97' title='bbox 484 2438 614 2502; x_wconf 80' lang='lat' dir='ltr'><strong>Lucifer</strong></span> <span class='ocrx_word' id='word_1_98' title='bbox 627 2437 751 2502; x_wconf 90' lang='lat' dir='ltr'><strong>idcirco</strong></span> <span class='ocrx_word' id='word_1_99' title='bbox 766 2438 891 2502; x_wconf 88' lang='lat' dir='ltr'><strong>deserto</strong></span> <span class='ocrx_word' id='word_1_100' title='bbox 907 2441 1037 2504; x_wconf 84' lang='lat' dir='ltr'><strong>climate</strong></span> <span class='ocrx_word' id='word_1_101' title='bbox 1054 2441 1139 2517; x_wconf 87' lang='lat' dir='ltr'><strong>coeli,</strong></span> 
     </span>
     <span class='ocr_line' id='line_1_18' title="bbox 480 2540 1201 2627; baseline -0.001 -24"><span class='ocrx_word' id='word_1_102' title='bbox 480 2540 584 2621; x_wconf 88' lang='lat' dir='ltr'><strong>Nigra</strong></span> <span class='ocrx_word' id='word_1_103' title='bbox 598 2541 790 2604; x_wconf 87' lang='lat' dir='ltr'><strong>satellitibus</strong></span> <span class='ocrx_word' id='word_1_104' title='bbox 805 2541 941 2627; x_wconf 86' lang='lat' dir='ltr'><strong>stipatus</strong></span> <span class='ocrx_word' id='word_1_105' title='bbox 956 2543 1088 2607; x_wconf 80' lang='lat' dir='ltr'><strong>Tartara</strong></span> <span class='ocrx_word' id='word_1_106' title='bbox 1103 2543 1201 2606; x_wconf 80' lang='lat' dir='ltr'><strong>forsit.</strong></span> 
     </span>
     <span class='ocr_line' id='line_1_19' title="bbox 481 2639 1202 2727; baseline 0.004 -24"><span class='ocrx_word' id='word_1_107' title='bbox 481 2639 654 2704; x_wconf 82' lang='lat' dir='ltr'><strong>Coelicolas</strong></span> <span class='ocrx_word' id='word_1_108' title='bbox 668 2641 730 2704; x_wconf 83' lang='lat' dir='ltr'><strong>iste</strong></span> <span class='ocrx_word' id='word_1_109' title='bbox 743 2643 912 2726; x_wconf 83' lang='lat' dir='ltr'><strong>prostravit</strong></span> <span class='ocrx_word' id='word_1_110' title='bbox 926 2644 1021 2706; x_wconf 84' lang='lat' dir='ltr'><strong>belve</strong></span> <span class='ocrx_word' id='word_1_111' title='bbox 1036 2644 1202 2727; x_wconf 88' lang='lat' dir='ltr'><strong>superbos,</strong></span> 
     </span>
     <span class='ocr_line' id='line_1_20' title="bbox 480 2742 1220 2826; baseline 0.001 -20"><span class='ocrx_word' id='word_1_112' title='bbox 480 2742 544 2814; x_wconf 90' lang='lat' dir='ltr'><strong>Qui</strong></span> <span class='ocrx_word' id='word_1_113' title='bbox 559 2744 649 2826; x_wconf 87' lang='lat' dir='ltr'><strong>prius</strong></span> <span class='ocrx_word' id='word_1_114' title='bbox 663 2744 812 2823; x_wconf 82' lang='lat' dir='ltr'><strong>angelice</strong></span> <span class='ocrx_word' id='word_1_115' title='bbox 825 2744 983 2807; x_wconf 84' lang='lat' dir='ltr'><strong>fulserunt</strong></span> <span class='ocrx_word' id='word_1_116' title='bbox 996 2746 1069 2808; x_wconf 86' lang='lat' dir='ltr'><strong>luce</strong></span> <span class='ocrx_word' id='word_1_117' title='bbox 1085 2746 1220 2823; x_wconf 83' lang='lat' dir='ltr'><strong>corusci,</strong></span> 
     </span>
     <span class='ocr_line' id='line_1_21' title="bbox 481 2844 1200 2928; baseline 0.001 -20"><span class='ocrx_word' id='word_1_118' title='bbox 481 2844 621 2908; x_wconf 87' lang='lat' dir='ltr'><strong>Sedibus</strong></span> <span class='ocrx_word' id='word_1_119' title='bbox 636 2857 669 2907; x_wconf 91' lang='lat' dir='ltr'><strong>et</strong></span> <span class='ocrx_word' id='word_1_120' title='bbox 683 2845 807 2928; x_wconf 88' lang='lat' dir='ltr'><strong>superis</strong></span> <span class='ocrx_word' id='word_1_121' title='bbox 822 2846 981 2911; x_wconf 88' lang='lat' dir='ltr'><strong>florebant</strong></span> <span class='ocrx_word' id='word_1_122' title='bbox 996 2856 1081 2911; x_wconf 86' lang='lat' dir='ltr'><strong>sorte</strong></span> <span class='ocrx_word' id='word_1_123' title='bbox 1094 2848 1200 2911; x_wconf 82' lang='lat' dir='ltr'><strong>beata.</strong></span> 
     </span>
     <span class='ocr_line' id='line_1_22' title="bbox 483 2945 1275 3034; baseline 0.008 -27"><span class='ocrx_word' id='word_1_124' title='bbox 483 2945 593 3010; x_wconf 83' lang='lat' dir='ltr'><strong>Tertia</strong></span> <span class='ocrx_word' id='word_1_125' title='bbox 607 2946 771 3009; x_wconf 85' lang='lat' dir='ltr'><strong>stellarum</strong></span> <span class='ocrx_word' id='word_1_126' title='bbox 785 2958 890 3011; x_wconf 89' lang='lat' dir='ltr'><strong>rueret</strong></span> <span class='ocrx_word' id='word_1_127' title='bbox 903 2946 981 3011; x_wconf 91' lang='lat' dir='ltr'><strong>dum</strong></span> <span class='ocrx_word' id='word_1_128' title='bbox 995 2949 1101 3032; x_wconf 88' lang='lat' dir='ltr'><strong>portio</strong></span> <span class='ocrx_word' id='word_1_129' title='bbox 1118 2970 1275 3034; x_wconf 82' lang='lat' dir='ltr'><strong>praecaps,</strong></span> 
     </span>
     <span class='ocr_line' id='line_1_23' title="bbox 482 3046 1280 3115; baseline 0.005 -7"><span class='ocrx_word' id='word_1_130' title='bbox 482 3046 607 3109; x_wconf 79' lang='lat' dir='ltr'><strong>Lucida</strong></span> <span class='ocrx_word' id='word_1_131' title='bbox 620 3046 673 3111; x_wconf 88' lang='lat' dir='ltr'><strong>bis</strong></span> <span class='ocrx_word' id='word_1_132' title='bbox 687 3056 811 3111; x_wconf 88' lang='lat' dir='ltr'><strong>tantum</strong></span> <span class='ocrx_word' id='word_1_133' title='bbox 826 3061 1012 3113; x_wconf 85' lang='lat' dir='ltr'><strong>manserunt</strong></span> <span class='ocrx_word' id='word_1_134' title='bbox 1026 3050 1131 3114; x_wconf 85' lang='lat' dir='ltr'><strong>sidera</strong></span> <span class='ocrx_word' id='word_1_135' title='bbox 1145 3072 1280 3115; x_wconf 86' lang='lat' dir='ltr'><strong>sursum.</strong></span> 
     </span>
     <span class='ocr_line' id='line_1_24' title="bbox 485 3145 1230 3229; baseline 0.012 -22"><span class='ocrx_word' id='word_1_136' title='bbox 485 3145 636 3229; x_wconf 89' lang='lat' dir='ltr'><strong>Denique</strong></span> <span class='ocrx_word' id='word_1_137' title='bbox 651 3146 680 3209; x_wconf 90' lang='lat' dir='ltr'><strong>si</strong></span> <span class='ocrx_word' id='word_1_138' title='bbox 694 3146 803 3228; x_wconf 88' lang='lat' dir='ltr'><strong>potuit</strong></span> <span class='ocrx_word' id='word_1_139' title='bbox 818 3148 893 3210; x_wconf 84' lang='lat' dir='ltr'><strong>coeli</strong></span> <span class='ocrx_word' id='word_1_140' title='bbox 908 3149 1062 3213; x_wconf 74' lang='lat' dir='ltr'><strong>mulctare</strong></span> <span class='ocrx_word' id='word_1_141' title='bbox 1077 3160 1230 3229; x_wconf 83' lang='lat' dir='ltr'><strong>catervas,</strong></span> 
     </span>
     <span class='ocr_line' id='line_1_25' title="bbox 483 3249 1284 3331; baseline 0.009 -20"><span class='ocrx_word' id='word_1_142' title='bbox 483 3249 671 3312; x_wconf 82' lang='lat' dir='ltr'><strong>Pestiferum</strong></span> <span class='ocrx_word' id='word_1_143' title='bbox 685 3249 792 3311; x_wconf 81' lang='lat' dir='ltr'><strong>natrix</strong></span> <span class='ocrx_word' id='word_1_144' title='bbox 807 3261 936 3314; x_wconf 83' lang='lat' dir='ltr'><strong>ructans</strong></span> <span class='ocrx_word' id='word_1_145' title='bbox 951 3251 992 3315; x_wconf 90' lang='lat' dir='ltr'><strong>de</strong></span> <span class='ocrx_word' id='word_1_146' title='bbox 1007 3253 1100 3317; x_wconf 83' lang='lat' dir='ltr'><strong>fauce</strong></span> <span class='ocrx_word' id='word_1_147' title='bbox 1116 3275 1284 3331; x_wconf 86' lang='lat' dir='ltr'><strong>venenum,</strong></span> 
     </span>
     <span class='ocr_line' id='line_1_26' title="bbox 482 3350 1179 3437; baseline 0.009 -24"><span class='ocrx_word' id='word_1_148' title='bbox 482 3350 562 3414; x_wconf 90' lang='lat' dir='ltr'><strong>Plus</strong></span> <span class='ocrx_word' id='word_1_149' title='bbox 576 3371 611 3413; x_wconf 88' lang='lat' dir='ltr'><strong>se</strong></span> <span class='ocrx_word' id='word_1_150' title='bbox 626 3358 769 3414; x_wconf 83' lang='lat' dir='ltr'><strong>terrenus</strong></span> <span class='ocrx_word' id='word_1_151' title='bbox 783 3352 939 3416; x_wconf 87' lang='lat' dir='ltr'><strong>mundani</strong></span> <span class='ocrx_word' id='word_1_152' title='bbox 954 3356 1057 3417; x_wconf 91' lang='lat' dir='ltr'><strong>cultor</strong></span> <span class='ocrx_word' id='word_1_153' title='bbox 1071 3356 1179 3437; x_wconf 86' lang='lat' dir='ltr'><strong>agelli,</strong></span> 
     </span>
     <span class='ocr_line' id='line_1_27' title="bbox 487 3451 1306 3541; baseline 0.007 -28"><span class='ocrx_word' id='word_1_154' title='bbox 487 3451 554 3514; x_wconf 89' lang='lat' dir='ltr'><strong>Hic</strong></span> <span class='ocrx_word' id='word_1_155' title='bbox 569 3460 691 3514; x_wconf 82' lang='lat' dir='ltr'><strong>metunt</strong></span> <span class='ocrx_word' id='word_1_156' title='bbox 706 3453 808 3517; x_wconf 91' lang='lat' dir='ltr'><strong>multo</strong></span> <span class='ocrx_word' id='word_1_157' title='bbox 823 3474 958 3536; x_wconf 78' lang='lat' dir='ltr'><strong>gypsam</strong></span> <span class='ocrx_word' id='word_1_158' title='bbox 972 3456 1110 3519; x_wconf 89' lang='lat' dir='ltr'><strong>lacerare</strong></span> <span class='ocrx_word' id='word_1_159' title='bbox 1127 3460 1306 3541; x_wconf 87' lang='lat' dir='ltr'><strong>superbam.</strong></span> 
     </span>
     <span class='ocr_line' id='line_1_28' title="bbox 482 3552 1312 3638; baseline 0.006 -22"><span class='ocrx_word' id='word_1_160' title='bbox 482 3552 576 3616; x_wconf 84' lang='lat' dir='ltr'><strong>Talin</strong></span> <span class='ocrx_word' id='word_1_161' title='bbox 591 3564 734 3617; x_wconf 81' lang='lat' dir='ltr'><strong>monstra</strong></span> <span class='ocrx_word' id='word_1_162' title='bbox 748 3562 855 3637; x_wconf 88' lang='lat' dir='ltr'><strong>potest</strong></span> <span class='ocrx_word' id='word_1_163' title='bbox 868 3554 999 3618; x_wconf 88' lang='lat' dir='ltr'><strong>humilis</strong></span> <span class='ocrx_word' id='word_1_164' title='bbox 1011 3576 1159 3638; x_wconf 83' lang='lat' dir='ltr'><strong>superare</strong></span> <span class='ocrx_word' id='word_1_165' title='bbox 1175 3560 1312 3633; x_wconf 84' lang='lat' dir='ltr'><strong>satelles,</strong></span> 
     </span>
     <span class='ocr_line' id='line_1_29' title="bbox 485 3653 1266 3743; baseline 0.005 -25"><span class='ocrx_word' id='word_1_166' title='bbox 485 3654 551 3726; x_wconf 88' lang='lat' dir='ltr'><strong>Qui</strong></span> <span class='ocrx_word' id='word_1_167' title='bbox 565 3653 690 3717; x_wconf 90' lang='lat' dir='ltr'><strong>tumido</strong></span> <span class='ocrx_word' id='word_1_168' title='bbox 704 3655 811 3719; x_wconf 85' lang='lat' dir='ltr'><strong>nescit</strong></span> <span class='ocrx_word' id='word_1_169' title='bbox 824 3656 940 3721; x_wconf 86' lang='lat' dir='ltr'><strong>mentis</strong></span> <span class='ocrx_word' id='word_1_170' title='bbox 956 3667 1137 3737; x_wconf 80' lang='lat' dir='ltr'><strong>turgescere</strong></span> <span class='ocrx_word' id='word_1_171' title='bbox 1152 3660 1266 3743; x_wconf 80' lang='lat' dir='ltr'><strong>typho,</strong></span> 
     </span>
     <span class='ocr_line' id='line_1_30' title="bbox 481 3758 1293 3841; baseline 0.007 -23"><span class='ocrx_word' id='word_1_172' title='bbox 481 3759 586 3841; x_wconf 81' lang='lat' dir='ltr'><strong>Atque</strong></span> <span class='ocrx_word' id='word_1_173' title='bbox 602 3758 811 3840; x_wconf 88' lang='lat' dir='ltr'><strong>superborum</strong></span> <span class='ocrx_word' id='word_1_174' title='bbox 827 3760 998 3822; x_wconf 90' lang='lat' dir='ltr'><strong>conculcat</strong></span> <span class='ocrx_word' id='word_1_175' title='bbox 1013 3759 1148 3824; x_wconf 88' lang='lat' dir='ltr'><strong>crimina</strong></span> <span class='ocrx_word' id='word_1_176' title='bbox 1162 3784 1293 3826; x_wconf 91' lang='lat' dir='ltr'><strong>morum.</strong></span> 
     </span>
     <span class='ocr_line' id='line_1_31' title="bbox 484 3856 1312 3948; baseline 0.011 -29"><span class='ocrx_word' id='word_1_177' title='bbox 484 3856 713 3941; x_wconf 87' lang='lat' dir='ltr'><strong>Nequidquam</strong></span> <span class='ocrx_word' id='word_1_178' title='bbox 728 3858 896 3939; x_wconf 83' lang='lat' dir='ltr'><strong>integritas</strong></span> <span class='ocrx_word' id='word_1_179' title='bbox 911 3860 1003 3922; x_wconf 79' lang='lat' dir='ltr'><strong>ramae</strong></span> <span class='ocrx_word' id='word_1_180' title='bbox 1019 3862 1181 3943; x_wconf 84' lang='lat' dir='ltr'><strong>praeconia</strong></span> <span class='ocrx_word' id='word_1_181' title='bbox 1195 3876 1312 3948; x_wconf 84' lang='lat' dir='ltr'><strong>captet,</strong></span> 
     </span>
     <span class='ocr_line' id='line_1_32' title="bbox 483 3956 1214 4042; baseline 0.011 -22"><span class='ocrx_word' id='word_1_182' title='bbox 483 3958 519 4021; x_wconf 88' lang='lat' dir='ltr'><strong>Si</strong></span> <span class='ocrx_word' id='word_1_183' title='bbox 534 3956 640 4021; x_wconf 88' lang='lat' dir='ltr'><strong>cordis</strong></span> <span class='ocrx_word' id='word_1_184' title='bbox 654 3961 787 4042; x_wconf 87' lang='lat' dir='ltr'><strong>peplum</strong></span> <span class='ocrx_word' id='word_1_185' title='bbox 802 3958 978 4023; x_wconf 91' lang='lat' dir='ltr'><strong>corrodens</strong></span> <span class='ocrx_word' id='word_1_186' title='bbox 993 3961 1081 4024; x_wconf 86' lang='lat' dir='ltr'><strong>tinea</strong></span> <span class='ocrx_word' id='word_1_187' title='bbox 1095 3963 1214 4028; x_wconf 84' lang='lat' dir='ltr'><strong>sulcet:</strong></span> 
     </span>
     <span class='ocr_line' id='line_1_33' title="bbox 482 4059 1247 4145; baseline 0.008 -22"><span class='ocrx_word' id='word_1_188' title='bbox 482 4059 518 4124; x_wconf 85' lang='lat' dir='ltr'><strong>si</strong></span> <span class='ocrx_word' id='word_1_189' title='bbox 533 4061 649 4123; x_wconf 88' lang='lat' dir='ltr'><strong>mentis</strong></span> <span class='ocrx_word' id='word_1_190' title='bbox 664 4062 817 4141; x_wconf 91' lang='lat' dir='ltr'><strong>gremium</strong></span> <span class='ocrx_word' id='word_1_191' title='bbox 833 4072 965 4124; x_wconf 83' lang='lat' dir='ltr'><strong>ventosa</strong></span> <span class='ocrx_word' id='word_1_192' title='bbox 980 4064 1131 4145; x_wconf 83' lang='lat' dir='ltr'><strong>superbie</strong></span> <span class='ocrx_word' id='word_1_193' title='bbox 1145 4065 1247 4143; x_wconf 82' lang='lat' dir='ltr'><strong>farcit,</strong></span> 
     </span>
     <span class='ocr_line' id='line_1_34' title="bbox 482 4162 1235 4248; baseline 0.008 -23"><span class='ocrx_word' id='word_1_194' title='bbox 482 4163 611 4225; x_wconf 85' lang='lat' dir='ltr'><strong>Frustra</strong></span> <span class='ocrx_word' id='word_1_195' title='bbox 625 4162 787 4244; x_wconf 82' lang='lat' dir='ltr'><strong>virginitas</strong></span> <span class='ocrx_word' id='word_1_196' title='bbox 800 4162 928 4226; x_wconf 85' lang='lat' dir='ltr'><strong>leudem</strong></span> <span class='ocrx_word' id='word_1_197' title='bbox 942 4164 1121 4229; x_wconf 85' lang='lat' dir='ltr'><strong>rumoribus</strong></span> <span class='ocrx_word' id='word_1_198' title='bbox 1136 4178 1235 4248; x_wconf 87' lang='lat' dir='ltr'><strong>optet.</strong></span> 
     </span>
     <span class='ocr_line' id='line_1_35' title="bbox 483 4262 1319 4351; baseline 0.01 -26"><span class='ocrx_word' id='word_1_199' title='bbox 483 4262 633 4327; x_wconf 76' lang='lat' dir='ltr'><strong>culmina</strong></span> <span class='ocrx_word' id='word_1_200' title='bbox 647 4264 734 4327; x_wconf 86' lang='lat' dir='ltr'><strong>celsa</strong></span> <span class='ocrx_word' id='word_1_201' title='bbox 748 4265 833 4327; x_wconf 84' lang='lat' dir='ltr'><strong>volet</strong></span> <span class='ocrx_word' id='word_1_202' title='bbox 845 4263 977 4326; x_wconf 90' lang='lat' dir='ltr'><strong>humilis</strong></span> <span class='ocrx_word' id='word_1_203' title='bbox 992 4267 1207 4331; x_wconf 87' lang='lat' dir='ltr'><strong>conscendere</strong></span> <span class='ocrx_word' id='word_1_204' title='bbox 1222 4270 1319 4351; x_wconf 84' lang='lat' dir='ltr'><strong>virgo,</strong></span> 
     </span>
     <span class='ocr_line' id='line_1_36' title="bbox 484 4364 1382 4451; baseline 0.008 -22"><span class='ocrx_word' id='word_1_205' title='bbox 484 4365 519 4429; x_wconf 89' lang='lat' dir='ltr'><strong>Si</strong></span> <span class='ocrx_word' id='word_1_206' title='bbox 534 4365 680 4449; x_wconf 88' lang='lat' dir='ltr'><strong>sequitur</strong></span> <span class='ocrx_word' id='word_1_207' title='bbox 694 4364 858 4428; x_wconf 85' lang='lat' dir='ltr'><strong>Christum</strong></span> <span class='ocrx_word' id='word_1_208' title='bbox 876 4364 1007 4426; x_wconf 87' lang='lat' dir='ltr'><strong>sormam</strong></span> <span class='ocrx_word' id='word_1_209' title='bbox 1023 4368 1078 4449; x_wconf 89' lang='lat' dir='ltr'><strong>qui</strong></span> <span class='ocrx_word' id='word_1_210' title='bbox 1093 4380 1221 4451; x_wconf 74' lang='lat' dir='ltr'><strong>prestat</strong></span> <span class='ocrx_word' id='word_1_211' title='bbox 1235 4373 1382 4451; x_wconf 88' lang='lat' dir='ltr'><strong>alumnis,</strong></span> 
     </span>
     <span class='ocr_line' id='line_1_37' title="bbox 480 4466 1240 4549; baseline 0.007 -21"><span class='ocrx_word' id='word_1_212' title='bbox 480 4466 526 4529; x_wconf 85' lang='lat' dir='ltr'><strong>Et</strong></span> <span class='ocrx_word' id='word_1_213' title='bbox 539 4466 652 4531; x_wconf 90' lang='lat' dir='ltr'><strong>mundi</strong></span> <span class='ocrx_word' id='word_1_214' title='bbox 667 4467 810 4530; x_wconf 82' lang='lat' dir='ltr'><strong>maculas</strong></span> <span class='ocrx_word' id='word_1_215' title='bbox 824 4477 974 4549; x_wconf 84' lang='lat' dir='ltr'><strong>purgarat</strong></span> <span class='ocrx_word' id='word_1_216' title='bbox 989 4468 1145 4549; x_wconf 86' lang='lat' dir='ltr'><strong>sanguiue</strong></span> <span class='ocrx_word' id='word_1_217' title='bbox 1160 4471 1240 4535; x_wconf 85' lang='lat' dir='ltr'><strong>fuso.</strong></span> 
     </span>
    </p>
   </div>
   <div class='ocr_carea' id='block_1_4' title="bbox 526 4566 1301 4729">
    <p class='ocr_par' dir='ltr' id='par_1_9' title="bbox 526 4566 1301 4729">
     <span class='ocr_line' id='line_1_38' title="bbox 526 4566 1301 4654; baseline 0.012 -25"><span class='ocrx_word' id='word_1_218' title='bbox 526 4566 593 4630; x_wconf 89' lang='lat' dir='ltr'><strong>Sed</strong></span> <span class='ocrx_word' id='word_1_219' title='bbox 608 4588 649 4632; x_wconf 91' lang='lat' dir='ltr'><strong>ne</strong></span> <span class='ocrx_word' id='word_1_220' title='bbox 663 4567 803 4631; x_wconf 83' lang='lat' dir='ltr'><strong>meteriae</strong></span> <span class='ocrx_word' id='word_1_221' title='bbox 817 4566 929 4642; x_wconf 89' lang='lat' dir='ltr'><strong>moles,</strong></span> <span class='ocrx_word' id='word_1_222' title='bbox 945 4586 1005 4629; x_wconf 90' lang='lat' dir='ltr'><strong>ceu</strong></span> <span class='ocrx_word' id='word_1_223' title='bbox 1021 4570 1147 4635; x_wconf 89' lang='lat' dir='ltr'><strong>sarcina</strong></span> <span class='ocrx_word' id='word_1_224' title='bbox 1161 4574 1301 4654; x_wconf 89' lang='lat' dir='ltr'><strong>grandis,</strong></span> 
     </span>
     <span class='ocr_line' id='line_1_39' title="bbox 898 4672 952 4729; baseline -0.037 0"><span class='ocrx_word' id='word_1_225' title='bbox 898 4686 917 4729; x_wconf 76' lang='grc' dir='ltr'>Ρ</span> <span class='ocrx_word' id='word_1_226' title='bbox 932 4672 952 4727; x_wconf 84' lang='lat'><strong>·2</strong></span> 
     </span>
    </p>
   </div>
   <div class='ocr_carea' id='block_1_5' title="bbox 0 0 1889 5425">
    <p class='ocr_par' dir='ltr' id='par_1_10' title="bbox 0 0 1889 5425">
     <span class='ocr_line' id='line_1_40' title="bbox 0 0 1889 5425; baseline 0 0"><span class='ocrx_word' id='word_1_227' title='bbox 0 0 1889 5425; x_wconf 95' lang='lat' dir='ltr'><strong> </strong></span> 
     </span>
    </p>
   </div>
  </div>
 </body>
</html>
