3759 5425
488 668 551 729 stc
761 686 916 733 srrsrots
932 688 977 733 au
992 686 1171 745 uetuerunt,
1189 686 1260 734 arc.
1635 336 1658 719 Ι

486 846 657 918 patuerunt
677 837 842 905 indicativi
865 838 954 904 modi
976 850 1023 905 est
1045 840 1199 925 temporis
1220 838 1372 924 praeteriti
1391 837 1533 923 perlecti,

486 936 543 999 ubi
557 957 717 1021 sempera
731 940 929 1024 producitur,
943 952 993 1006 ut:

628 1035 722 1091 Persia
734 1037 811 1092 divisi
821 1044 961 1110 patuerunt
971 1038 1066 1093 cende
1076 1040 1158 1112 ponti.

486 1131 661 1198 Scanditur
674 1134 794 1219 pervia
809 1135 884 1201 divi.
899 1136 929 1200 si
943 1144 1033 1221 patu.
1049 1146 1151 1201 erunt.
1195 1137 1241 1199 Et
1254 1134 1355 1201 infra:

626 1239 867 1313 Etjcjaaanoram
877 1248 1168 1297 vomusmntmmmora
1178 1248 1276 1315 potum.

485 1333 674 1401 scmditur:
696 1338 796 1422 Etje.
806 1338 890 1423 juna
900 1360 974 1405 nov.
989 1362 1044 1405 um
1060 1362 1164 1404 vomu.
1180 1350 1282 1405 erunt
1315 1340 1376 1403 Ast
1390 1358 1466 1403 vero
1479 1360 1534 1423 pa-

485 1446 625 1516 luerunt,
634 1441 876 1519 vomuerunt,in
891 1441 1095 1527 subjunctivo
1110 1442 1208 1507 modo
1220 1450 1363 1526 tempore
1377 1441 1537 1525 praeterito

483 1538 629 1621 perfecto
642 1561 662 1605 e
675 1562 803 1625 semper
817 1540 886 1606 fixa
900 1542 1090 1608 delinitione
1106 1542 1285 1628 corripitur.

529 1640 572 1703 D.
595 1641 707 1707 Dicito
715 1643 954 1729 participiorum
963 1645 1230 1731 exemplar-M.
1246 1645 1347 1709 Nulla
1356 1644 1538 1729 participia,

483 1740 547 1805 nisi
561 1744 728 1826 praesentis
748 1754 873 1809 tantum
894 1747 1047 1830 temporis
1069 1758 1146 1831 apta
1165 1745 1274 1829 paeoni
1296 1755 1411 1828 quarto
1431 1746 1536 1809 inres-

484 1841 585 1925 tigare
608 1845 695 1909 valui
721 1866 741 1910 a
765 1846 931 1931 praedictis
960 1850 1129 1913 verborum
1159 1847 1469 1931 significationibus3
1499 1860 1537 1911 ut

484 1943 632 2024 metans,
659 1946 845 2027 humilians,
874 1948 1044 2031 sepeliens,
1069 1948 1229 2033 operiens,
1251 1948 1408 2033 aperiens.
1453 1948 1535 2021 Quae

484 2067 558 2111 vero
577 2046 613 2111 in
636 2049 841 2135 subjunctivo
854 2050 953 2116 modo
974 2052 1153 2135 posuimus,
1168 2052 1245 2116 huic
1268 2052 1387 2133 regulae
1409 2053 1540 2137 partici-

484 2150 611 2233 piorum
626 2147 826 2235 discrepant;
848 2150 907 2215 sed
921 2162 977 2215 aut
986 2152 1093 2217 iambo
1105 2152 1340 2235 mancipantur,
1352 2162 1389 2215 ut
1403 2153 1537 2234 docens,

483 2250 604 2333 vigens,
627 2261 777 2336 stupens3
806 2261 863 2316 aut
887 2263 1087 2336 anapaestum
1116 2253 1256 2335 legitime
1282 2253 1475 2334 formabunt,
1499 2264 1537 2319 nt
1659 2300 1660 2333 ι

483 2360 639 2432 statuens,
652 2362 810 2433 metuens,
824 2354 979 2433 tribuens,
993 2356 1129 2439 poliens

528 2454 571 2517 D.
595 2456 648 2520 Da
661 2456 816 2520 rationem
830 2458 1125 2521 accentuum-M.
1147 2457 1246 2522 Paeon
1262 2464 1394 2541 quartus
1409 2478 1535 2543 semper

483 2555 520 2618 in
545 2556 798 2640 antepenultima
823 2567 917 2621 acuto
938 2560 1165 2642 pronuntiatur
1185 2566 1332 2623 accentu.
1376 2559 1535 2624 Caeterum

484 2656 519 2720 in
534 2657 597 2722 arsi
619 2668 764 2743 tempora
785 2657 862 2737 duo,
876 2670 909 2722 et
929 2659 965 2722 in
988 2659 1070 2724 thesi
1091 2658 1162 2740 tria,
1178 2680 1250 2746 quae
1273 2679 1331 2743 per
1352 2662 1533 2746 sescuplam

484 2757 674 2822 divisionem
690 2759 842 2824 uutinata
856 2761 949 2846 quasi
964 2761 1096 2846 obliqua
1116 2763 1225 2846 potius
1247 2781 1344 2845 quam
1359 2783 1454 2848 aequa
1467 2762 1532 2827 dis·

483 2859 636 2924 cretionis
650 2860 745 2923 lance
759 2859 971 2923 librabuntur.

833 2959 885 3023 De
900 2959 1050 3039 Epilrito
1061 2961 1179 3040 primo.

528 3063 571 3126 D.
595 3061 766 3147 Expositis
780 3061 823 3125 ad
844 3061 1005 3146 liquidum
1020 3073 1053 3126 et
1068 3061 1232 3126 defaecatis
1246 3082 1398 3146 paeonum
1413 3062 1536 3144 regulis

483 3163 603 3248 epitriti
617 3163 711 3246 primi
732 3163 973 3247 promulgentur
994 3163 1248 3248 exempla-M.
1264 3161 1460 3243 Facultates,
1474 3184 1536 3248 po·

484 3273 624 3344 testates,
660 3265 857 3341 honestates,
892 3264 1084 3343 voluntates,
1114 3266 1305 3349 voluptates,
1342 3264 1536 3344 sacerdotes,

483 3366 654 3450 puellares,
667 3366 866 3444 novercales,
879 3366 1049 3444 maritales,
1063 3365 1243 3442 theatrales,
1252 3365 1442 3449 loquelares,
1455 3366 1537 3438 Qui·

483 3466 610 3547 rinales,
623 3467 772 3545 Palatini,
788 3467 991 3544 Numantini,
1004 3466 1193 3550 palumbini,
1208 3465 1395 3540 columbini,
1418 3467 1534 3541 tiarati,

483 3570 661 3656 capistrati,
682 3570 858 3649 medullati,
881 3580 919 3634 ut
940 3569 1218 3654 psalmigraphus:
1242 3568 1447 3634 Holocausta
1467 3591 1537 3634 me·

483 3673 606 3737 dullata
616 3675 747 3735 offeram
758 3672 834 3748 tibi;
857 3671 1011 3755 capillati,
1022 3670 1178 3755 papillati,
1187 3669 1372 3753 pharetrati,
1382 3671 1537 3753 lapillosi,

483 3774 643 3858 paludosi,
672 3775 831 3852 lacertosi,
860 3784 893 3838 et
921 3771 1156 3856 propemodum
1185 3771 1294 3835 omnia
1322 3771 1454 3835 nomina
1482 3773 1536 3836 vel

485 3874 661 3938 derivativa
681 3875 731 3937 vel
753 3895 825 3959 quae
847 3874 907 3938 sub
930 3875 1038 3956 specie
1060 3872 1304 3956 participiorum
1317 3892 1452 3935 numero
1468 3873 1533 3936 siu·

484 3975 585 4058 gulari
606 3975 639 4037 in
664 3983 847 4058 antespasto
868 3973 1069 4058 protulimus,
1084 3974 1154 4038 hacc
1175 3972 1288 4037 eadem
1302 3972 1336 4035 in
1360 3973 1476 4056 plurali
1491 3973 1534 4038 ad

484 4078 603 4161 epitriti
637 4075 731 4160 primi
766 4076 908 4158 regulam
945 4073 1067 4158 liquido
1102 4075 1381 4157 mancipabuntur.
1426 4073 1532 4140 Simili

484 4179 582 4242 modo
597 4179 765 4242 verborum
780 4197 897 4259 genera
910 4176 1109 4240 concordant
1127 4188 1270 4258 tempore
1285 4176 1447 4258 praeterito
1461 4197 1531 4260 per·

484 4281 578 4359 fecto,
593 4281 656 4345 hoc
671 4291 721 4344 est
734 4280 839 4344 activa
849 4287 973 4343 tantum
989 4289 1021 4341 et
1035 4289 1148 4343 neutra
1162 4279 1271 4362 prima
1284 4275 1531 4359 conjugationis,

484 4401 558 4464 quae
571 4381 606 4442 in
621 4379 810 4464 Pyrrhichio
834 4377 1004 4456 edidimus,
1019 4388 1051 4442 et
1071 4400 1142 4462 quas
1159 4379 1333 4462 perfectum
1356 4387 1484 4462 tempus
1498 4377 1530 4439 in

484 4478 535 4539 avi
551 4480 692 4557 syllabas
711 4478 872 4555 desinunt,
886 4479 956 4540 hac
978 4479 1090 4541 eadem
1106 4481 1138 4541 in
1154 4481 1269 4561 plurali
1291 4477 1453 4560 epitritum
1469 4477 1530 4562 pri·
