3759 5425
678 719 722 763 nn
738 719 903 766 munrsus
918 721 1098 767 vmerunu.
1364 705 1425 764 157

459 868 616 951 Spemere
632 871 775 951 delicias,
789 871 824 938 'et
837 875 952 940 mundi
965 875 1110 959 linquere
1128 895 1242 956 gazas:

459 968 568 1034 Ardua
582 974 709 1050 secturi,
725 995 786 1038 nee
802 996 869 1038 non
884 975 1007 1039 devexa
1023 996 1144 1040 cavere.

458 1070 546 1135 Duru
562 1074 661 1138 celles
675 1074 796 1156 gemini
810 1075 933 1158 dispari
949 1075 1073 1139 tremite
1090 1075 1247 1141 tendunt:

461 1174 556 1238 Unus
570 1175 603 1238 in
620 1177 769 1241 aetberios
784 1199 842 1261 per
857 1179 933 1243 coeli
949 1179 1091 1242 culmine
1105 1193 1256 1263 cumpos;

458 1274 548 1338 Alter
561 1277 608 1340 sic
625 1277 794 1341 Herebum
810 1279 922 1343 lustrat
937 1280 1007 1343 sine
1023 1279 1088 1342 fine
1103 1278 1310 1362 profundum.

460 1375 561 1460 Cujus
576 1379 748 1444 clarificem
764 1380 822 1463 qui
836 1381 961 1444 malunt
975 1401 1108 1445 noscere
1123 1381 1233 1454 vitam,

458 1479 615 1550 Qualibus
629 1481 665 1543 in
680 1479 800 1544 mundo
816 1481 917 1564 signis
931 1481 1086 1545 effulserit
1099 1481 1220 1545 ulmus:

458 1579 595 1663 Quoque
610 1583 708 1646 modo
724 1603 857 1666 spurcas
872 1584 991 1647 curarit
1007 1603 1139 1666 corpore
1155 1581 1276 1661 clades,

457 1683 537 1746 Dira
551 1685 714 1749 salutifero
728 1696 911 1751 restaurans
925 1687 1035 1751 ulcere
1049 1688 1135 1751 fotu:

457 1784 601 1857 Qualiter
615 1799 651 1851 ut
665 1786 810 1853 medicus
824 1791 1017 1872 populorum
1031 1787 1179 1874 pestibus
1194 1789 1326 1854 obstans

455 1886 609 1953 Morbidu
623 1890 743 1954 senatis
758 1902 925 1955 renovaret
939 1891 1063 1956 viscere
1078 1889 1178 1968 fibris,

457 1991 532 2053 Non
548 1991 658 2074 pigeat
670 2011 801 2075 prorsus
817 1991 929 2056 seriem
946 2002 1110 2075 spectasse
1126 1991 1239 2069 libelli,

457 2091 498 2152 ln
512 2110 578 2174 quo
593 2090 774 2154 scribuntur
787 2092 920 2154 virtutes
934 2091 1022 2155 illius
1036 2093 1164 2176 emplae.

498 2190 601 2255 Haud
614 2211 709 2256 secus
724 2203 757 2256 et
770 2193 892 2256 Paulus
907 2193 1008 2274 signis
1024 2215 1121 2277 super
1134 2195 1252 2259 retbere
1266 2205 1373 2275 notus,

456 2293 615 2358 Omnibus
628 2302 662 2356 et
675 2293 783 2375 regnis
798 2313 871 2377 quse
885 2295 1023 2358 lustrent
1037 2295 1161 2359 lumina
1174 2295 1293 2360 Pboebi

456 2392 518 2455 Per
532 2392 659 2457 deserte
672 2393 734 2457 tuit
748 2415 814 2478 quo
828 2414 895 2458 non
910 2397 1112 2478 praestentior
1126 2397 1214 2477 alter,

456 2492 574 2558 Tendit
589 2494 631 2559 sd
647 2503 766 2559 oeternc
780 2495 858 2558 felix
873 2495 1060 2561 habitacula
1074 2497 1176 2561 miles.

456 2595 555 2660 Hunc
572 2617 668 2679 gener
681 2595 803 2661 infidus
818 2597 987 2681 strophoso
1003 2596 1111 2661 fallere
1128 2607 1219 2679 gestu

455 2696 575 2761 Maluit
588 2697 763 2777 insontem,
777 2697 977 2783 disrumpens
992 2693 1113 2762 loederc
1127 2697 1234 2781 pacis:

456 2797 584 2864 Idcirco
598 2799 724 2880 fugiens
739 2801 852 2884 quaerit
866 2801 927 2864 sub
943 2820 1023 2885 rupe
1038 2799 1187 2877 latebras,

454 2901 571 2966 Donec
586 2902 712 2966 tortoris
727 2905 803 2966 saeri
817 2914 977 2968 tormenta
992 2901 1150 2967 fatiscent.

455 3004 500 3066 Et
512 3024 622 3067 rursus
636 3001 764 3087 placido
779 3005 905 3067 laetetur
919 3013 1062 3087 tempore
1077 3000 1231 3067 mundus:

455 3104 561 3175 Quem
575 3104 676 3167 nutrit
690 3104 724 3166 in
740 3114 851 3188 crypta
865 3104 998 3187 palmeti
1013 3102 1162 3186 dactylus
1176 3112 1264 3168 erctc

454 3204 500 3269 Et
514 3204 626 3268 fruitur
641 3204 727 3268 foliis
742 3225 801 3288 pro
816 3204 927 3287 aprico
943 3204 1083 3287 tegmine
1098 3203 1199 3288 pepli.

454 3306 539 3370 Nam
555 3306 624 3369 sitis
637 3304 782 3370 ardorem
800 3304 952 3369 demebat
966 3304 1089 3388 gurg'te
1105 3304 1214 3383 sontis,

455 3408 559 3480 Quem
574 3428 664 3482 mox,
679 3418 716 3471 ut
730 3408 852 3490 genuit,
866 3408 990 3471 telluris
1006 3408 1113 3489 glarea
1128 3408 1278 3488 glaucum

453 3508 579 3573 Rursus
592 3508 625 3571 in
641 3509 808 3593 obliquum
821 3508 935 3572 latices
950 3507 1106 3571 effuderat
1120 3519 1257 3585 antrum,

454 3610 563 3692 Aliger
576 3622 642 3674 tum
656 3629 783 3694 praepes
797 3608 909 3692 gracili
924 3608 1097 3672 nutrimine
1112 3607 1202 3671 fnrn's
1215 3660 1236 3681 ,

452 3711 587 3775 Perstet
600 3710 634 3774 in
650 3730 751 3795 specu
764 3712 880 3795 pulmae
895 3711 956 3773 sub
972 3706 1140 3772 frondibus
1154 3707 1248 3783 eltis;

460 3810 522 3874 Cui
536 3811 772 3876 famulabantur
787 3817 895 3892 spreta
907 3806 1031 3870 feritate
1045 3806 1167 3881 leones,

454 3912 561 3995 Atque
575 3910 645 3995 lupi
659 3908 792 3974 rabidos
800 3907 900 3993 jussit
914 3907 1082 3971 mitescere
1097 3904 1207 3969 rictus.

454 4013 585 4077 Vixerut
598 4013 634 4075 in
648 4012 739 4075 terris
755 4010 879 4075 coelesti
893 4030 1024 4073 munere
1039 4008 1137 4070 fretus

453 4115 621 4179 Undecies
635 4112 750 4192 denes,
764 4125 797 4177 et
810 4121 874 4176 tres
888 4110 1024 4175 feliciter
1037 4129 1152 4185 annos,

453 4216 547 4281 Tunc
562 4216 693 4280 demum
709 4215 856 4280 aethereis
870 4214 1006 4297 stipatus
1016 4212 1089 4297 jure
1105 4210 1251 4289 catervis,

456 4318 519 4381 Ivit
532 4317 575 4381 ad
589 4314 700 4381 aeterni
716 4324 824 4381 cestus
838 4313 1000 4379 consortie
1013 4311 1114 4393 regni,

452 4418 664 4504 percepturus
678 4418 713 4481 in
728 4418 861 4481 excelso
876 4436 962 4479 nova
978 4410 1095 4496 gaudia
1112 4412 1224 4477 victor.

496 4524 567 4587 Nec
584 4542 652 4586 non
667 4520 788 4585 eximia
803 4518 953 4582 virtutum
970 4515 1068 4599 gretie
1083 4515 1181 4579 fretus

456 4622 598 4690 Plurima
611 4623 751 4708 patrarit
765 4621 892 4686 deserto
907 4620 1001 4704 signa
1015 4618 1176 4703 stupende
