3759 5425
630 752 1032 812 rrrsronssnsornornsr,
1048 752 1118 798 arc.
1328 738 1399 797 ν395

345 904 437 968 Sunt
450 914 556 969 autem
571 908 730 991 prosodiae
745 907 869 986 decem,
889 918 1014 985 acutus,
1027 907 1141 990 gravis,
1158 906 1395 983 circumflexus,

344 1006 459 1089 longa,
473 1009 590 1087 brevis,
605 1008 724 1088 daseia,
745 1012 838 1095 psile,
860 1010 1082 1095 apostrophus,
1102 1008 1243 1093 hyphen,
1258 1008 1394 1093 hypodi·

345 1111 461 1173 astole.
506 1110 702 1176 Dividuntur
726 1124 831 1178 autern
857 1114 927 1178 haec
950 1115 984 1177 in
1006 1122 1151 1199 quatuor,
1175 1111 1210 1175 in
1235 1124 1338 1189 tonos,
1361 1113 1395 1175 in

346 1222 505 1296 tempora,
521 1214 555 1276 in
569 1215 802 1298 respirationes,
815 1216 850 1279 in
870 1217 1046 1299 passiones.
1091 1214 1204 1277 Tonus
1222 1224 1326 1277 autem
1342 1225 1397 1277 aut

345 1315 551 1396 pertrahitur,
577 1327 632 1379 aut
656 1316 831 1394 attrahitur,
856 1328 911 1381 aut
935 1314 1091 1380 medietas
1117 1315 1248 1399 syllabas
1273 1316 1394 1379 bonam

348 1436 463 1478 vocem
488 1417 621 1481 habens.
664 1417 750 1482 Toni
773 1430 847 1482 sunt
871 1430 945 1496 tres,
971 1429 1097 1495 acutus,
1121 1417 1235 1499 gravis,
1259 1418 1394 1481 circum·

345 1517 464 1581 flexus.
513 1520 635 1584 Acutus
650 1528 744 1583 tonus
758 1529 807 1583 est
823 1532 900 1583 nota
913 1542 971 1605 per
988 1520 1153 1605 obliquum
1169 1518 1348 1582 ascendens
1361 1518 1395 1582 in

347 1618 517 1684 dexteram
539 1632 673 1703 partem,
687 1633 724 1684 ut
742 1642 820 1703 pax,
833 1623 905 1706 pix,
918 1642 999 1686 nux.
1043 1621 1156 1685 Gravis
1175 1632 1224 1684 est
1237 1642 1258 1684 a
1271 1642 1395 1685 summo

346 1720 384 1783 in
399 1720 565 1786 dexteram
578 1732 699 1807 partem
722 1721 933 1802 descendens,
948 1736 984 1787 ut
1005 1733 1054 1788 est
1074 1724 1182 1800 bomo,
1195 1724 1310 1801 bonus,
1325 1744 1395 1807 par·

346 1843 418 1887 vus.
464 1824 700 1890 circumflexus
715 1835 765 1889 est
778 1836 855 1890 nota
876 1825 916 1889 de
931 1836 1027 1890 acuta
1041 1837 1074 1890 et
1087 1826 1172 1908 gravi
1187 1826 1282 1902 facta,
1297 1837 1332 1888 ut
1346 1836 1395 1891 est

346 1925 706 2012 mdeta,mi1sa,chepi.
750 1928 893 2013 Tempus
914 1939 964 1994 est
985 1930 1176 2013 significatio
1197 1928 1396 1993 extensionis

346 2027 417 2091 sive
442 2031 680 2108 contractionis,
702 2032 874 2097 invisibilia
899 2031 1092 2098 discernens.
1136 2033 1297 2116 Tempora
1321 2041 1395 2097 sunt

346 2128 425 2209 duo,
441 2132 571 2214 longum
587 2143 620 2196 et
632 2133 738 2198 breve.
783 2135 931 2219 Longum
951 2146 1001 2199 est
1015 2135 1210 2219 significatio
1232 2134 1394 2218 productae

345 2234 448 2297 literae
463 2235 602 2311 vocalis;
625 2244 660 2299 ut
675 2248 741 2300 est:

489 2331 572 2384 Anna
583 2335 717 2404 virumque
728 2352 801 2399 sano,
813 2336 901 2407 Trojae
913 2338 957 2405 qui
969 2336 1065 2407 primus
1076 2336 1110 2387 ab
1122 2336 1181 2387 oris.

347 2429 451 2491 Breve
465 2440 515 2492 est
528 2429 723 2512 significatio
739 2444 893 2515 correptae
908 2432 1039 2509 vocalis,
1055 2441 1091 2495 ut
1105 2439 1169 2495 est:

491 2536 589 2604 Ingens
599 2541 691 2590 acutus
701 2539 815 2590 earmina
824 2544 911 2590 nostra
922 2544 1026 2589 canunt.

348 2634 488 2720 Spiritus
508 2648 557 2697 est
578 2636 748 2720 productio
770 2636 857 2699 vocis
880 2657 953 2721 quae
975 2644 1031 2697 aut
1052 2636 1150 2698 citata
1173 2644 1228 2698 aut
1249 2632 1330 2697 lenis
1352 2632 1393 2697 de

347 2759 402 2802 ore
418 2739 581 2821 profertur.
627 2740 766 2822 Spiritus
787 2748 864 2803 sunt
885 2738 950 2802 duo
967 2737 1076 2803 daseia
1094 2750 1126 2802 et
1139 2738 1229 2821 psile.
1275 2737 1395 2800 Daseia

346 2853 396 2904 est
417 2841 553 2925 qualitas
576 2843 708 2925 syllabae
718 2843 818 2927 juxta
838 2843 976 2906 sonitum
993 2841 1152 2925 spirantis,
1167 2851 1204 2904 ut
1223 2849 1272 2904 est
1286 2839 1394 2916 homo,

346 2943 507 3020 habitans,
527 2944 660 3006 habens.
706 2945 793 3008 Psile
815 2955 865 3009 est
886 2945 1025 3028 qualitas
1049 2945 1181 3028 syllabae
1206 2963 1278 3028 quae
1296 2941 1394 3027 juxta

346 3045 580 3109 extremitatem
608 3045 765 3110 labiorum
794 3048 959 3130 profertur,
989 3057 1025 3110 ut
1053 3058 1158 3110 orator
1187 3043 1266 3109 adiit
1294 3065 1392 3108 orare.

347 3146 459 3209 Passio
482 3156 531 3209 est
552 3166 616 3207 vox
638 3144 802 3229 passibilis
816 3145 990 3230 conjuncta
1012 3158 1045 3209 et
1059 3147 1150 3210 unita
1171 3156 1204 3208 et
1223 3144 1394 3208 divisibilia

347 3247 538 3313 discernens.
581 3247 752 3312 Passiones
780 3261 855 3312 sunt
888 3260 962 3326 tres,
997 3249 1219 3333 apostrophos,
1249 3247 1393 3331 hyphen,

346 3348 582 3432 hypodiastole.
627 3348 849 3433 Apostrophos
878 3362 927 3412 est
959 3350 1084 3431 signum
1114 3350 1239 3412 extritae
1274 3348 1392 3412 vocalis

347 3451 442 3514 unius
467 3462 522 3514 aut
545 3449 795 3535 duarum„qnos
821 3471 886 3512 non
914 3449 1036 3513 habent
1062 3450 1168 3513 Latini
1191 3448 1247 3512 sed
1274 3447 1391 3512 Graeci.

347 3553 492 3636 Hyphen
513 3564 563 3616 est
584 3550 770 3635 conjunctio
794 3550 946 3614 dictionis
968 3571 1010 3614 ex
1026 3550 1151 3614 duabus
1170 3549 1319 3634 perfectis
1333 3550 1390 3612 irn-

346 3654 533 3739 persectisve
557 3655 756 3737 compositas,
776 3664 814 3715 ut
835 3665 884 3716 est
904 3653 1028 3728 lucifer,
1052 3653 1247 3733 unigenitus,
1273 3652 1390 3735 primo-

348 3758 482 3839 genitus.
528 3753 763 3840 Hypodiastole
778 3765 827 3818 est
838 3753 952 3817 divisio
968 3754 1216 3837 compositarum
1231 3755 1391 3817 literarum

347 3868 475 3944 propter
489 3860 723 3940 ambiguitates,
738 3869 775 3920 ut
788 3869 853 3921 est:
1206 3867 1211 3874 '

591 3965 718 4033 viridique
730 3965 757 4016 in
768 3962 845 4017 litore
856 3965 1013 4036 conspicitur
1023 3983 1079 4029 sus;

347 4075 468 4129 utnon
490 4074 573 4128 erret
593 4063 650 4146 qui
672 4064 769 4144 legat,
783 4085 825 4126 ne
848 4085 978 4148 prorsus
1000 4087 1107 4129 ursum
1128 4066 1220 4147 legat.
1267 4067 1389 4129 Acutus

346 4167 416 4230 loca
430 4167 528 4231 habet
541 4166 610 4241 tria,
626 4164 789 4250 quomodo
804 4165 915 4231 dieunt
928 4167 1045 4245 Graeci,
1061 4167 1169 4231 Latini
1189 4167 1265 4242 duo,
1276 4166 1388 4250 penul-

346 4269 463 4348 timam,
478 4268 769 4352 antepenultimam.
816 4268 994 4332 Penultirna
1008 4290 1124 4332 nomen
1141 4279 1277 4332 estante
1291 4288 1387 4332 unam

347 4371 496 4454 syllabam
510 4370 604 4433 afine
614 4369 738 4433 habens
747 4380 924 4448 accentum,
934 4382 970 4432 ut
981 4372 1078 4448 arma,
1088 4372 1175 4446 drna,
1186 4373 1298 4435 bdnus.
1323 4372 1387 4433 An-

347 4471 550 4556 tepenultima
565 4482 613 4533 est
620 4491 739 4533 nomen
754 4482 827 4534 ante
843 4469 924 4532 duas
935 4471 1076 4553 syllabas
1091 4471 1242 4536 habensa
1259 4471 1322 4536 fine
1334 4493 1386 4536 ac·

346 4589 479 4650 centum,
489 4587 524 4636 ut
534 4587 582 4637 est
592 4574 743 4648 Basilius,
753 4574 935 4654 Gregririus,
948 4573 1113 4638 Bobsitius.
1152 4573 1388 4638 Circumflexus
