3759 5425
639 722 682 766 nu
698 721 859 767 nanninus
875 718 1109 764 vraorar‘mrrs.
1360 706 1399 764 17

348 873 492 953 Morere,
515 874 632 958 inquit,
654 897 769 956 eorpus
793 895 911 951 meum,
932 882 964 936 et
994 875 1031 935 ia
1058 874 1244 934 relatorem
1273 875 1396 956 redipo,

347 977 497 1042 videlicet
511 999 552 1040 ne
568 999 643 1040 caro
665 989 775 1042 contra
797 977 942 1061 spiritum
958 975 1124 1058 tyrannica
1137 987 1294 1058 potestate
1317 1000 1396 1042 con·

346 1080 514 1142 tumaeiter
523 1079 706 1155 insolescat,
717 1090 749 1142 et
759 1091 906 1162 protervo
920 1077 1075 1141 libertatis
1084 1073 1169 1139 fastu
1180 1078 1398 1146 intumescens

347 1179 497 1260 legitimae
519 1179 681 1242 servitutis
697 1178 780 1264 jugo
806 1179 944 1242 subdere
964 1179 1050 1240 colla
1070 1189 1262 1242 contemnat.
1307 1183 1396 1260 Ergo

346 1301 427 1363 pura
439 1279 702 1342 incontaminatae
717 1279 919 1360 virginitatis
939 1279 1175 1362 perseverantia
1189 1279 1261 1344 Deo
1275 1282 1397 1344 manci·

344 1393 438 1465 patur
452 1380 616 1444 indefessa
627 1381 831 1462 cogitationis
846 1380 1008 1458 instantia,
1017 1391 1050 1443 et
1064 1401 1082 1443 e
1097 1378 1221 1443 diverso
1237 1383 1397 1448 effrenata:

341 1480 523 1565 jugalitatis
551 1480 682 1546 libertas
712 1483 848 1545 efficitur
877 1501 998 1545 seeurae
1027 1480 1241 1545 immunitatis
1269 1485 1396 1567 captiva

345 1597 528 1668 paupertas.

388 1687 501 1748 XVII.
525 1686 560 1748 H
563 1707 623 1748 anc
638 1686 821 1770 bipartitam
833 1687 906 1748 vitae
922 1686 1109 1769 qualitatem
1126 1688 1188 1750 boo
1198 1688 1294 1750 modo
1306 1711 1395 1772 egre·

345 1788 416 1868 gius
427 1786 622 1870 praedicator
634 1786 767 1850 dirimit:
791 1790 909 1851 Divisa
920 1787 1103 1870 est,inquit,
1117 1791 1282 1853 :aulierat
1296 1795 1397 1873 sirpo,

345 1892 489 1970 innupla
507 1891 640 1969 cogitat,
653 1910 723 1972 que
742 1897 819 1951 sunt
835 1890 983 1963 Domini,
997 1889 1151 1970 quomodo
1163 1895 1295 1968 placeat
1316 1896 1395 1956 Deo.

346 1993 433 2054 Nam
444 1989 1169 2074 qrraenuptoeat,oopitat,quaearmtmundi,ut
1176 1993 1307 2071 placeat
1317 1999 1395 2058 viro.

346 2093 472 2156 Revera
487 2091 608 2172 grande
623 2101 749 2154 constat
762 2091 964 2153 intervallum
979 2100 1013 2153 et
1026 2091 1115 2172 larga
1129 2093 1284 2174 spaciosa*
1299 2093 1395 2159 inter·

345 2194 514 2279 capediuis
523 2193 711 2267 differentia,
721 2192 803 2253 inter
812 2190 928 2254 divinae
939 2190 1396 2277 dilectionismunifieentiam,

346 2309 377 2360 at
398 2297 505 2359 infimi
529 2296 644 2358 amoris
667 2293 880 2374 diligentiam:
913 2315 979 2357 una
999 2316 1034 2357 se
1056 2295 1211 2376 angelica
1241 2299 1398 2364 eastitatis

347 2406 498 2468 comitem
535 2403 603 2464 fore
638 2400 829 2481 gratulatur:
874 2402 972 2463 altem
1005 2421 1039 2463 se
1068 2402 1221 2464 maritalis
1257 2405 1395 2468 lascivia

348 2506 489 2568 fomitem
512 2504 646 2566 laetatur.
691 2502 760 2564 Ista
781 2503 898 2565 collum
921 2501 1044 2564 lunulis
1065 2514 1097 2565 et
1117 2503 1255 2566 lacertos
1269 2503 1395 2568 dextra·

347 2611 430 2672 libus
453 2607 560 2671 ornari
586 2627 623 2668 ac
652 2606 843 2686 gemmiferis
868 2604 1037 2686 digitorum
1064 2607 1191 2668 annulis
1213 2608 1296 2668 comi
1319 2629 1396 2671 con·

349 2712 488 2796 cupiscit
500 2733 509 2785 ;
540 2707 598 2771 iila
612 2707 826 2790 pulcherrimo
839 2707 992 2789 fulgentis
1006 2707 1170 2791 pudicitiae
1186 2709 1274 2772 cultu
1290 2713 1397 2792 splen-

350 2809 491 2883 descere,
513 2819 544 2869 et
569 2805 688 2867 auratis
707 2806 856 2868 virtutum
878 2806 1053 2868 monilibus
1077 2806 1216 2883 rutilare,
1238 2808 1396 2893 simulque

349 2908 496 2973 candidis
506 2907 688 2970 meritorum
701 2906 875 2988 margaritis
885 2904 1026 2970 decorari
1037 2906 1206 2971 desiderat
1231 2910 1298 2974 Ista
1308 2915 1397 2979 tortis

347 3012 570 3075 eincInnorum
583 3008 726 3071 crinibus
741 3009 920 3073 calamistro
932 3010 1147 3092 crispantibus
1161 3010 1297 3075 delicate
1309 3036 1396 3078 com·

347 3116 426 3198 poni
445 3124 479 3176 et
499 3114 596 3174 rubro
619 3112 733 3175 coloris
757 3111 852 3173 stibio
874 3132 973 3190 genas
995 3132 1032 3174 ac
1055 3110 1258 3176 mandibulas
1280 3117 1396 3179 suatim

349 3218 456 3280 fucare
493 3214 619 3295 satagit.
679 3213 740 3276 Illa
776 3214 898 3277 inculta
935 3214 1161 3277 criniculorum
1199 3218 1328 3279 caesarie
1365 3233 1396 3283 et

348 3318 549 3399 negligenter
568 3314 747 3397 squallente
768 3314 957 3396 capillatura
977 3334 1051 3376 cum
1077 3313 1185 3396 palma
1205 3316 1396 3396 virginitatis

349 3440 501 3483 coronam
532 3417 640 3499 gloriae
669 3416 702 3477 in
733 3416 839 3498 capite
868 3416 1013 3500 proferet.
1058 3416 1127 3479 Ista
1155 3417 1280 3480 stolidis
1305 3440 1397 3483 orna-

348 3528 528 3583 mentorum
558 3518 686 3600 pompis
722 3517 910 3581 infruticans
939 3515 981 3579 ad
1010 3517 1110 3581 instar
1139 3518 1226 3582 illius
1254 3522 1396 3585 mulieris

349 3642 445 3685 aureo
476 3620 577 3683 calice
607 3617 775 3701 prostibuli
810 3618 964 3699 poculum
993 3618 1152 3682 letiferum
1182 3620 1396 3702 propinantis,

348 3744 443 3807 quam
469 3718 684 3803 Apocalypsis
706 3736 802 3799 super
824 3715 961 3778 bestiam
986 3715 1106 3778 sedisse
1127 3716 1290 3793 describit,
1309 3739 1397 3781 eom-

348 3826 464 3909 posita,
500 3821 671 3907 pulchrum
709 3812 826 3900 pariter
867 3824 900 3878 et
936 3816 1153 3897 perniciosum
1190 3818 1397 3883 cernentibus

348 3924 566 4010 spectaculum
582 3929 729 4004 praestat3
751 3918 807 3980 illa
821 3927 919 3980 caatae
934 3918 1187 3981 conversationis
1201 3917 1396 3985 documenta

346 4038 378 4090 et
390 4042 601 4110 supernorum
617 4021 735 4085 civium
752 4018 903 4100 exempla
923 4018 1063 4081 aemulari
1078 4018 1281 4101 cupientibus
1303 4043 1394 4085 mon·

346 4138 441 4191 strare
457 4146 524 4188 non
540 4130 656 4187 cessat.

389 4228 518 4293 XVIII.
535 4226 637 4308 Igitur
645 4225 750 4287 sutura
759 4222 911 4303 angelicae
920 4223 994 4285 vitae
1003 4220 1159 4285 celsitudo
1168 4222 1209 4283 ab
1217 4222 1326 4287 illaesae
1335 4225 1396 4287 rir-

347 4328 489 4409 ginitatis
500 4326 710 4390 sectatoribus
721 4344 759 4387 ae
769 4323 993 4387 sectatricibus
997 4321 1178 4407 jocundum
1190 4324 1262 4387 Deo
1272 4326 1307 4387 in
1322 4348 1397 4389 vase

347 4430 438 4494 fictili
463 4430 649 4493 thesaurum
673 4423 872 4505 gestantibus
888 4423 958 4507 jam
983 4420 1221 4505 quodammodo
1243 4426 1397 4490 violenter

346 4532 549 4615 antipratur,
562 4529 642 4592 litet
661 4525 814 4590 ultroneis
829 4525 997 4587 affectibus
1016 4535 1129 4606 sponte
1144 4540 1397 4609 praeoccupetur,

866 4640 885 4683 c
