3759 5425
482 667 541 728 too
627 677 778 738 rnogrrn
795 675 951 724 nnrsroru
965 675 1009 720 ro
1024 676 1181 723 sonoamr
1196 673 1399 724 auorum.

478 832 560 896 Tuis
574 831 720 914 pulsatus
734 830 886 912 precibus
1017 828 1385 910 Obnixetlagitautibus

480 932 655 1015 Hymniste
669 949 796 994 carmen
813 930 918 994 cecini
1018 932 1124 1012 Atque
1135 949 1291 1013 responsa
1304 929 1442 1008 reddidi,

478 1031 713 1116 ‘Sicutpn'dem
728 1031 916 1116 pepigeram
1021 1029 1162 1102 Quando
1176 1031 1341 1115 profectus
1353 1030 1476 1096 tireram

483 1135 595 1217 Usque
611 1131 711 1196 dirum
728 1129 947 1196 Domnoniam
1020 1129 1082 1193 Per
1097 1141 1261 1194 carentem
1276 1129 1476 1195 cornubiam
1499 1171 1517 1198 ι

482 1232 674 1298 Florulentis
689 1232 865 1316 cespitibus
1020 1231 1067 1294 Et
1080 1230 1241 1294 soeoundis
1255 1230 1455 1312 graminibus

482 1337 653 1402 Elementa
666 1333 803 1399 inormie
1017 1333 1126 1416 Atque
1140 1332 1226 1397 facta
1238 1331 1386 1397 informia

481 1437 681 1509 Quassantur
695 1436 755 1498 sub
771 1435 903 1502 aetheria
1018 1432 1175 1498 convexa
1188 1433 1265 1498 coeli
1277 1453 1404 1496 camera

482 1539 571 1602 Dum
585 1537 692 1602 tremit
705 1537 819 1602 mundi
833 1537 984 1602 machina
1017 1536 1085 1600 Sub
1101 1545 1267 1600 ventorum
1280 1533 1478 1599 monarchia.

484 1642 747 1704 Eccenocturno
762 1647 906 1722 tempore
1024 1636 1252 1700 Ortobrumali
1265 1635 1403 1712 turbine,

482 1740 638 1814 Quatiens
652 1749 768 1803 terrem
783 1747 958 1822 tempestus
1016 1738 1182 1802 Turbabat
1196 1745 1295 1822 atque
1308 1735 1439 1800 vastitas

483 1841 567 1907 Cum
581 1840 673 1904 fracti
688 1840 774 1904 venti
787 1839 907 1904 toedere
1016 1839 1261 1903 Baccharentur
1274 1838 1308 1900 in
1323 1837 1454 1914 retbere,

483 1945 530 2008 Et
542 1952 637 2026 rupto
651 1941 829 2007 retinaculo
1017 1940 1220 2004 Deserirent
1232 1941 1267 2005 in
1282 1940 1401 2004 saecrrlo

483 2046 566 2109 Tum
581 2045 727 2108 libertate
742 2045 846 2128 posite
1017 2043 1063 2106 Et
1077 2042 1228 2106 servitute
1243 2043 1359 2125 sopita,

483 2145 597 2229 Spissa
610 2146 716 2208 stetim
731 2144 905 2228 spiramine
1024 2144 1135 2207 Duelli
1150 2143 1277 2207 ducunt
1290 2142 1428 2222 agmina.

483 2245 609 2318 Quibus
623 2245 755 2308 bissena
768 2245 899 2308 nomina
1021 2242 1215 2308 Indiderunt
1229 2244 1405 2308 volumina.

484 2346 610 2410 Horum
625 2345 747 2409 archon
761 2345 910 2409 atrociter
1017 2344 1150 2408 Famam
1166 2365 1293 2410 verrens
1307 2343 1455 2409 ferociter

483 2447 687 2516 Furibundus
701 2469 777 2512 cum
793 2446 921 2514 flamine
1022 2446 1182 2512 Veniebat
1195 2469 1216 2512 a
1230 2447 1370 2528 cardine,

486 2548 583 2616 Unde
598 2549 724 2614 Titanis
740 2547 861 2614 torrida
1020 2546 1189 2612 Labuntur
1201 2548 1383 2613 luminaria.

484 2651 633 2733 Cumque
649 2651 743 2716 flatus
755 2650 895 2721 victorie
1021 2648 1097 2711 Nou
1112 2649 1251 2715 tirrerent
1264 2649 1420 2732 inglorie,

484 2751 656 2816 Tremebat
670 2752 765 2815 tellus
779 2750 917 2827 turbida,
1018 2756 1126 2832 Atque
1140 2762 1230 2814 eruta
1244 2752 1370 2829 roboro,

484 2852 655 2916 Cadebant
669 2873 744 2915 cum
760 2852 945 2928 verticibus,
1021 2850 1125 2915 Simul
1139 2853 1242 2937 neptis
1256 2852 1440 2919 radicibus:

485 2955 600 3037 Neque
616 2963 714 3035 guttee
730 2949 900 3034 graciliter,
1023 2952 1205 3017 Manebant
1219 2954 1277 3019 ned
1290 2954 1460 3020 minaciter

485 3055 602 3119 Mundi
618 3065 718 3117 rotem
733 3055 925 3133 rorantibus,
1023 3055 1265 3121 Humectabaut
1277 3078 1353 3121 cum
1367 3057 1535 3135 imbribus,

485 3154 570 3220 Cum
585 3157 787 3238 praepollenti
802 3158 910 3240 pluvia
1028 3158 1149 3221 Essent
1163 3159 1277 3225 referta
1290 3160 1434 3237 flumina,

484 3258 596 3325 Turbo
612 3272 723 3321 terrem
741 3258 893 3323 teretibus
1024 3258 1237 3325 Grussabaurr
1251 3261 1444 3325 turbinibus.

485 3360 566 3433 Quae
581 3360 765 3425 catervatim
780 3360 905 3425 caelitus
1023 3357 1217 3430 Crubraotur
1230 3360 1331 3444 nigris
1344 3360 1488 3427 nubibus

486 3464 603 3547 Neque
618 3462 769 3525 caelorum
784 3462 927 3527 culmine
1024 3459 1143 3526 Carent
1154 3475 1313 3532 nocturna
1326 3464 1457 3541 nebula,

485 3566 629 3638 Quorum
644 3564 780 3648 pulchre
793 3564 944 3647 planities
1024 3564 1216 3632 Perlucebat
1229 3575 1266 3629 ut
1280 3566 1412 3648 glacies,

486 3663 603 3731 Donec
620 3666 729 3729 nimbo
745 3686 783 3729 ac
799 3665 942 3727 nubibus
1021 3663 1121 3731 Torre
1136 3673 1286 3747 teguntur
1299 3666 1454 3731 trucibum

486 3768 571 3831 Nam
587 3768 811 3831 tenebrescunt
826 3764 965 3841 turbine,
1022 3764 1179 3849 Disrupto
1193 3787 1298 3831 rerum
1312 3764 1426 3831 ordine

485 3868 649 3931 Germane
663 3867 779 3930 Phoebi
792 3867 934 3943 nuntius,
1020 3868 1127 3949 Atque
1143 3869 1298 3951 preclara
1310 3868 1433 3932 lumina

488 3968 603 4050 Neque
619 3970 774 4047 flagrabat
788 3968 966 4049 flammiger
1021 3969 1146 4033 Ductor
1160 3970 1282 4033 dietum
1298 3969 1427 4035 Lucifer

486 4067 578 4131 Sicut
593 4070 674 4133 solet
689 4069 866 4154 saepissime
1025 4072 1180 4134 Auratum
1196 4070 1286 4136 sidus
1301 4092 1429 4154 surgere

487 4167 553 4231 Sed
569 4184 707 4235 cecatur
721 4170 859 4250 caligine
1022 4173 1120 4235 Velut
1135 4172 1224 4236 furva
1236 4173 1384 4255 fuligine.

487 4268 624 4330 Plaustri
639 4271 734 4351 plene
748 4270 964 4353 pulcherrime
1022 4272 1054 4334 N
1056 4292 1098 4333 on
1113 4282 1301 4357 comparent
1315 4273 1475 4337 curricula

488 4369 657 4452 Aquilonis
672 4392 690 4433 a
705 4370 813 4433 Circio
1018 4370 1157 4437 Cursum
1173 4375 1330 4438 servantis
1343 4371 1457 4438 sedulo

487 4472 534 4532 Ac
547 4467 679 4531 totidem
695 4471 888 4533 torrentibus
1019 4470 1149 4555 Septem
1166 4476 1243 4538 latet
1257 4474 1463 4557 lampadibus
