3759 5425
448 667 508 732 ltu
770 689 814 732 nn
831 688 997 734 muninus
1011 687 1193 734 vrnoranrr.

531 839 727 902 Vulneribus
741 841 861 904 crebris
876 842 1075 905 occumbens
1089 839 1200 904 saucia
1215 839 1315 916 virgo,

531 941 778 1024 Purpureusque
793 961 888 1005 cruor
902 953 1011 1004 tenera
1025 939 1067 1003 de
1081 961 1178 1004 carne
1192 938 1344 1004 cucurrit.

579 1042 737 1106 Preterea
751 1041 897 1122 geminas
912 1041 1058 1122 divulgat
1072 1041 1156 1104 sama
1171 1060 1306 1114 sorores,

535 1145 650 1208 Romae
666 1143 792 1206 sortitas
806 1143 917 1227 prime
932 1143 1093 1206 cunabula
1109 1143 1190 1206 vitre.

535 1243 678 1308 Nomine
691 1265 810 1327 nempe
826 1245 913 1327 prior
924 1243 1003 1308 felix
1017 1244 1139 1308 Rufina
1154 1249 1297 1314 vocatur,

534 1346 644 1408 Altera
657 1343 814 1427 posterior
828 1344 956 1420 florens,
970 1353 1063 1408 estate
1080 1340 1232 1406 secunda.

537 1446 598 1509 His
612 1458 703 1528 putor
716 1445 882 1508 Austerius
896 1465 957 1507 nec
973 1463 1038 1506 non
1056 1443 1184 1506 Aurelia
1198 1449 1310 1516 meter,

536 1547 704 1610 Nobilium
719 1545 854 1628 pulchra
868 1545 1043 1608 consulunt
1057 1542 1133 1608 dote
1149 1562 1327 1624 procorum.

538 1647 604 1711 Sed
620 1657 726 1710 umen
743 1647 881 1710 illustres
896 1644 1061 1728 sponsalia
1069 1643 1145 1727 jura
1160 1653 1321 1718 recusant,

535 1751 729 1832 Cunctaque
743 1747 884 1810 fallentis
902 1745 1014 1812 ruundi
1031 1744 1223 1829 patrimonia
1238 1753 1404 1826 spernunt,

537 1852 585 1914 Ut
599 1851 712 1932 sponsi
727 1847 875 1914 thalamis
890 1848 966 1912 coeli
982 1849 1037 1932 qai
1052 1857 1164 1930 regnat
1178 1847 1213 1914 in
1228 1867 1313 1922 arce,

537 1955 558 2017 J
560 1963 721 2033 ungantur
728 1951 860 2035 jugiter,
874 1971 940 2035 quo
956 1951 1048 2016 lloret
1062 1949 1198 2032 pulchra
1207 1947 1370 2031 juventus,

536 2053 582 2114 Et
596 2072 761 2133 nunquam
776 2050 960 2132 aggreditur
973 2051 1061 2130 rugis
1079 2051 1203 2117 sulcata
1215 2058 1377 2114 senectus.

538 2155 664 2220 Harum
679 2152 776 2230 igitur
790 2152 911 2234 sponsi,
926 2152 1076 2234 neglecto
1092 2150 1216 2216 tramite
1232 2147 1364 2223 Christi,

538 2256 691 2317 Errorum
707 2253 869 2318 anfractus
883 2253 1048 2317 salebroso
1064 2253 1145 2316 calle
1162 2258 1347 2335 sequuntur.

538 2350 693 2424 eruruvis
707 2359 781 2413 autc
795 2348 893 2412 fidem
910 2363 1071 2432 gestarent
1085 2362 1215 2434 pectore
1231 2369 1353 2432 puram.

540 2452 670 2516 Idcirco
684 2472 812 2534 sponsa
826 2462 1006 2514 temnentes
1015 2451 1092 2534 jura
1105 2471 1285 2534 procorum,

541 2555 639 2618 Urbis
653 2554 811 2618 Romanae
825 2553 979 2636 linquunt
994 2553 1120 2635 fastigia
1135 2555 1231 2630 celsa,

542 2657 588 2719 Ut
603 2665 824 2738 tempestatem
839 2655 1012 2737 tranquilla
1027 2667 1133 2719 urente
1148 2655 1320 2735 nescirent,

541 2760 646 2831 Quam
662 2779 717 2822 rea
731 2778 924 2840 sponsorum
940 2758 1144 2823 concinnant
1159 2757 1277 2825 famina
1292 2768 1428 2821 sontum.

541 2862 692 2942 Namque
706 2869 821 2940 petunt
835 2858 954 2939 pariter
968 2858 1128 2921 basternis
1144 2858 1265 2941 pradia
1278 2870 1366 2936 nota,

541 2962 622 3033 Quae
636 2959 750 3042 procul
764 2958 799 3021 in
814 2958 941 3023 Tusciae
956 2958 1067 3022 felices
1082 2972 1171 3041 parte
1186 2961 1355 3041 regebant:

540 3060 605 3126 Sed
620 3081 728 3124 rursus
742 3060 880 3125 Romam
891 3060 1020 3143 sponsis
1035 3060 1247 3142 prodentibus
1261 3062 1363 3125 ambae

542 3162 705 3227 Militibus
719 3160 826 3225 missis
839 3181 974 3244 propere
991 3160 1152 3225 ducuntur
1167 3162 1208 3225 ad
1225 3163 1348 3239 urban,

541 3264 714 3347 Squalores
727 3262 845 3345 paritor
858 3283 1000 3346 passurae
1016 3262 1153 3327 carceris
1167 3271 1262 3328 atros.

538 3364 632 3427 Tunc
647 3362 768 3427 Rufina
781 3384 869 3428 soror
883 3362 981 3427 dictis
997 3384 1106 3445 parere
1122 3362 1268 3427 nefandis

542 3462 673 3539 Renuit,
687 3475 724 3527 ut
738 3466 870 3532 vetitum
886 3464 969 3529 sanis
984 3468 1111 3531 offerret
1125 3466 1290 3535 honorent.

543 3568 693 3632 Creditur
706 3566 830 3632 idcirco
845 3588 919 3634 cum
933 3568 1030 3631 lentis
1046 3569 1165 3635 femina
1180 3570 1297 3651 flagris,

542 3670 590 3731 Ut
604 3689 694 3731 soror
708 3666 893 3750 adspiciens
908 3670 1075 3735 mollescat
1090 3682 1196 3737 mente
1212 3670 1355 3739 secunda

542 3773 685 3834 Verbera
698 3770 768 3836 dira
782 3772 850 3855 pati
865 3793 939 3837 curn
957 3784 1085 3837 sanctos
1101 3784 1245 3839 cerneret
1260 3785 1356 3839 artus.

543 3871 607 3935 Sed
623 3892 716 3935 secus
731 3872 849 3946 evenit,
864 3892 961 3955 quam
976 3880 1076 3937 tortor
1091 3872 1229 3941 credidit
1244 3886 1347 3951 auor,

543 3975 634 4040 Dum
648 3973 847 4037 nutabundis
861 3994 927 4037 nou
945 3972 1026 4037 satur
1040 3972 1128 4055 virgo
1143 3973 1288 4058 loquelis.

543 4077 630 4139 Nam
645 4084 828 4139 constanter
842 4073 898 4153 ait,
911 4095 1078 4159 nunquam
1094 4075 1303 4139 tremebunda
1318 4074 1478 4143 secunda:

542 4175 641 4240 Adfer
656 4186 774 4240 cuncta
788 4174 883 4239 simul
898 4173 993 4238 nobis
1008 4186 1164 4239 tormenta
1178 4186 1329 4243 cruenta:

543 4278 651 4357 ignes,
666 4286 700 4338 et
715 4276 881 4341 macheras
895 4287 928 4339 et
942 4277 1054 4339 rubras
1069 4276 1174 4343 vibice
1191 4277 1305 4360 virgas,

543 4381 669 4456 Restes,
683 4389 715 4442 et
730 4378 839 4455 furtes,
854 4390 887 4443 et
902 4380 982 4443 dura
997 4380 1150 4462 grandine
1167 4402 1258 4458 saxa,

542 4478 669 4543 Caerula
684 4480 870 4561 sangunineie
883 4480 1062 4563 harpagans
1078 4480 1307 4555 vulnerarium,
