3759 5425
645 681 689 728 DE
705 681 871 728 reuulsus
885 679 1065 728 vrauluurt.

430 828 598 900 Quatenus
611 831 644 894 in
660 832 754 896 coelis
768 843 865 898 castae
880 833 1007 896 virtutis
1020 839 1142 896 amator

431 929 558 993 Arbiter
569 931 775 1013 omnipotens
789 931 955 1015 impendat
968 930 1100 1016 praemia
1112 930 1199 1008 ¹vitas,

431 1027 494 1099 Qui
509 1031 590 1092 solet
605 1031 744 1095 assiduis
758 1041 864 1096 castos
879 1053 990 1096 ornare
1004 1031 1184 1113 triumphis,

431 1128 657 1215 Militibusque
671 1133 738 1196 suis
752 1143 877 1215 portam
891 1152 1029 1196 reserere
1044 1152 1101 1215 per
1116 1131 1267 1195 aethram:

433 1230 520 1295 Dum
534 1232 667 1297 vincunt
681 1235 783 1299 sancti
798 1235 937 1301 fallentis
951 1233 1085 1317 proemia
1099 1231 1221 1306 mundi,

434 1331 540 1413 Atque
554 1334 713 1397 coronatis
727 1344 853 1413 gestant
866 1334 983 1400 vexilla
997 1331 1154 1416 maniplis.

474 1433 635 1517 Tempore
650 1436 829 1500 Gothorum
844 1437 945 1500 fuerat
959 1436 1147 1518 virguncula
1161 1431 1319 1518 quaedam,

433 1534 513 1605 Quae
528 1537 691 1618 proprium
707 1559 749 1600 ex
763 1537 876 1601 schola
890 1537 1027 1619 sumpsit
1041 1535 1242 1600 Scholastica
1255 1553 1371 1598 nomen
1385 1554 1392 1593 :

434 1633 531 1698 Hanc
547 1636 639 1708 Deus
653 1639 790 1702 ubertim
805 1639 927 1702 coelesti
943 1657 1072 1705 munere
1087 1637 1179 1714 ditat,

433 1734 539 1799 Aurea
553 1738 695 1819 virgineo
709 1741 885 1804 lucrantem
901 1741 1033 1822 prumia
1046 1747 1133 1802 voto.

434 1835 486 1899 De
501 1856 567 1919 qua
579 1839 643 1906 hoc
659 1842 857 1924 praecipuum
872 1842 945 1907 vitae
961 1839 1164 1906 rumusculus
1178 1840 1270 1902 almae

434 1937 609 2020 Divulgare
623 1943 715 2015 solet,
730 1945 814 2008 latus
829 1964 893 2026 qua
907 1943 1049 2008 tenditur
1062 1943 1160 2018 orbis,

436 2035 533 2111 Quod
547 2037 675 2106 fratrom
692 2043 822 2107 sibimet
835 2064 986 2125 germano
1001 2041 1120 2107 soedere
1131 2041 1295 2126 junctum,

436 2139 592 2205 Subuixis
605 2143 757 2226 precibus
772 2144 867 2225 gestit
880 2145 1072 2228 compellere
1087 2145 1185 2224 virgo,

436 2240 601 2312 Quatenus
614 2245 799 2327 acciperent
812 2265 973 2310 sacrarium
989 2244 1097 2308 dulcia
1111 2254 1209 2308 noctu

435 2339 571 2406 Fercula
583 2343 749 2420 librorum,
763 2354 796 2406 et
810 2343 912 2408 sancti
928 2344 1075 2406 convivia
1088 2343 1188 2416 verbi,

436 2441 466 2504 E
482 2443 599 2524 quibus
613 2445 732 2510 affatim
748 2455 927 2508 saturantur
940 2457 1071 2526 pectora
1085 2443 1189 2526 plebis

438 2544 542 2626 Atque
557 2545 742 2624 saginantur
755 2556 937 2609 sanctorum
953 2544 1052 2609 corda
1065 2544 1212 2606 virorum.

440 2643 504 2706 Sed
519 2643 604 2708 fidus
619 2646 771 2729 precibus
784 2647 879 2711 frater
892 2667 958 2708 non
974 2645 1112 2711 flectitur
1126 2646 1212 2722 ullis,

439 2746 524 2818 Quin
540 2748 605 2809 imo
620 2759 765 2813 sanctam
780 2749 973 2831 contempsit
987 2770 1066 2812 voce
1081 2768 1229 2812 sororem.

440 2849 523 2911 Tum
538 2850 625 2930 virgo
641 2850 804 2915 Christum
819 2852 969 2935 pulsabat
983 2872 1060 2917 voce
1075 2850 1263 2931 benignum,
1328 2858 1337 2877 ·

440 2948 488 3009 Ut
500 2947 562 3011 sibi
578 2948 726 3030 dignetur
740 2951 855 3013 vulnus
871 2970 985 3013 sanare
1001 2948 1133 3013 doloris.

442 3048 524 3112 Mox
537 3049 633 3129 igitur
647 3050 766 3113 coelum
780 3051 927 3114 nimboso
940 3051 1068 3117 turbine
1084 3059 1196 3127 totum,

441 3148 485 3209 Et
499 3168 644 3213 convexa
659 3150 726 3231 poli
740 3149 927 3230 nigrescunt
940 3152 1059 3217 aethere
1074 3152 1175 3229 furvo,

442 3250 607 3313 Murmura
622 3260 712 3315 vasta
726 3264 843 3315 sonant
855 3254 993 3317 flammis
1008 3254 1176 3317 commista
1190 3252 1342 3329 coruscis,

439 3351 485 3414 Et
498 3352 625 3415 tremuit
640 3352 734 3415 tellus
749 3375 867 3436 magno
882 3354 1092 3418 tremebunda
1106 3354 1226 3434 fragore
1239 3376 1247 3427 ;
1312 3424 1315 3429 Δ

443 3453 588 3517 Humida
602 3453 739 3517 rorifluis
753 3454 939 3518 humectant
954 3454 1069 3518 vellera
1084 3454 1191 3535 guttis,

443 3556 557 3638 Irrigat
571 3565 604 3618 et
618 3566 732 3618 terram
747 3556 924 3620 tenebrosis
937 3555 1094 3619 imbribus
1108 3576 1171 3629 aer,

444 3655 654 3739 complentur
668 3656 777 3734 valles,
792 3668 824 3720 et
837 3656 927 3736 larga
940 3656 1061 3719 fluenta
1075 3652 1265 3717 redundant.

444 3756 538 3819 Tunc
553 3756 669 3819 mansit
683 3758 808 3834 uolens,
823 3756 879 3839 qui
893 3754 1014 3838 pridem
1032 3766 1146 3837 sponte
1161 3753 1291 3834 negavit

442 3857 538 3930 Quod
555 3878 705 3939 germana
719 3858 801 3940 petit
815 3857 989 3940 deplorans
1004 3858 1102 3921 anxis
1117 3855 1212 3919 curis.

444 3958 496 4022 Sic
512 3959 605 4024 Deus
614 3960 777 4023 auscultat
790 3960 905 4023 devota
919 3967 1025 4023 mente
1041 3968 1200 4039 rogantes,

444 4060 628 4132 Quamlibet
641 4082 661 4123 a
674 4062 765 4127 nullo
777 4060 903 4126 solandi
919 4061 1016 4124 verba
1029 4069 1208 4144 capessant.

488 4160 619 4224 Nobilis
633 4160 668 4224 in
682 4162 790 4226 Roma
804 4161 887 4224 vixit
900 4160 1115 4244 pulcherrima
1129 4160 1216 4241 virgo

446 4260 668 4334 Constantina,
684 4282 775 4327 novae
789 4261 937 4344 prebens
953 4260 1138 4343 spectacula
1153 4260 1226 4323 vitae

444 4362 615 4440 Omnibus,
626 4361 742 4443 integri
757 4362 814 4445 qui
827 4359 1042 4426 conversarier
1057 4370 1178 4443 optant,

445 4460 565 4527 Lurida
580 4463 764 4547 linquentes
779 4460 893 4525 veteris
908 4460 1058 4540 contagia
1073 4460 1158 4525 vite.
