3759 5425
669 675 1139 729 nsmuorscsvmomrrsrrs.
1386 670 1426 729 ⁷1

380 836 491 900 divina
512 836 612 900 attala
633 835 783 918 protexit,
805 835 1043 920 futurorumque
1062 834 1280 919 prodigiomm
1304 836 1429 900 arcanis

379 935 535 999 imbutum
561 945 594 999 et
619 936 782 1016 siguomm
807 943 1090 1019 portentorumque
1113 936 1268 1018 presagio
1292 946 1426 1001 ceteros

378 1038 527 1100 mortales
541 1036 709 1099 latentium
724 1036 908 1099 mirabiliter
926 1037 1128 1114 instructum,
1142 1037 1332 1120 prophetica
1348 1060 1428 1122 qua·

377 1138 452 1201 dam
467 1137 695 1201 vaticinatione
714 1137 890 1219 inspiravit,
905 1148 941 1199 ut
956 1158 1022 1199 non
1038 1138 1196 1201 immerito
1210 1160 1230 1201 a
1243 1138 1429 1221 limpidissi-

380 1240 442 1302 mis
456 1240 533 1303 solis
547 1260 585 1303 ac
600 1239 686 1303 lunae
701 1238 911 1302 luminaribus
927 1260 965 1303 ac
980 1238 1116 1302 residuis
1136 1241 1298 1304 stellarum
1318 1240 1431 1305 sideri·

379 1342 451 1419 bus,
480 1341 640 1425 simulque
669 1338 829 1403 foecundis
857 1340 1092 1422 manipulorum
1120 1340 1284 1405 fasciculis
1316 1362 1428 1405 somrm

378 1444 502 1527 sopitus
517 1443 640 1507 adorari
655 1444 862 1527 venerarique
882 1442 1052 1520 videretur,
1067 1442 1143 1507 dum
1162 1444 1197 1506 in
1214 1445 1429 1526 pulcherrimo

377 1544 555 1626 pubertatis
571 1544 685 1609 decore
701 1556 734 1609 et
747 1545 879 1609 formosi
894 1546 1001 1609 vultus
1016 1546 1133 1609 florens
1146 1555 1312 1610 venustate
1326 1549 1427 1611 multo

378 1646 562 1709 formosiore
584 1645 683 1710 frctus
698 1646 899 1727 virginitate,
923 1646 1124 1729 strophosam
1146 1646 1309 1711 muliebris
1331 1648 1428 1713 euda-

379 1746 438 1810 eiae
460 1748 671 1831 muscipulam
695 1747 944 1831 parvipendens,
969 1747 1095 1811 callidae
1120 1747 1320 1830 deceptionis
1342 1749 1428 1813 deci·

378 1852 487 1933 pulam
513 1850 696 1929 declinavit,
719 1852 878 1935 simulque
906 1848 1110 1915 fraudulenta
1134 1852 1294 1915 foemineoe
1319 1852 1429 1916 titilla-

377 2050 465 2113 velut
478 2052 673 2114 lentescente
688 2052 827 2115 nectaris
842 2050 966 2115 defruto
987 2072 1044 2115 seu
1067 2052 1180 2116 mulera
1195 2053 1323 2117 mellitoe
1338 2064 1429 2137 pota-

377 2156 476 2218 tionis
505 2156 750 2230 cblectamcnta,
774 2162 877 2217 atrum
903 2154 1018 2217 veneni
1049 2154 1134 2217 virus
1162 2153 1373 2234 infundentia,
1397 2168 1430 2220 et

378 2258 525 2318 incautos
552 2275 699 2339 quosque
729 2255 798 2317 sine
827 2256 926 2317 lorica
952 2252 1029 2316 fidei
1055 2264 1275 2339 armaturaque
1301 2256 1429 2320 militari

379 2366 519 2439 repertos
542 2354 735 2419 truculenter
758 2353 800 2417 sd
824 2363 973 2418 tertarum
1004 2352 1164 2418 trudentia
1186 2356 1316 2437 sprevit,
1341 2357 1428 2432 vicit,

379 2458 583 2541 contempsit,
607 2466 641 2521 et
666 2478 740 2520 cum
763 2458 872 2540 palma
894 2457 1096 2539 Virginitatis
1119 2457 1253 2540 aufugit,
1275 2458 1330 2542 qui
1354 2460 1431 2524 licet

377 2567 444 2619 arta
467 2553 625 2619 sordentis
646 2556 796 2638 ergastuli
818 2555 965 2633 latibula,
986 2563 1020 2618 et
1040 2564 1157 2617 tetrum
1178 2554 1338 2618 tenebrosi
1361 2576 1429 2620 car·

378 2657 460 2720 ceris
491 2656 682 2741 squallorem
712 2666 841 2740 propter
871 2656 1030 2738 egregiam
1062 2654 1228 2738 pudicitia
1260 2656 1429 2738 puritatem

377 2769 555 2841 pateretur:
578 2761 729 2822 Attamen
750 2757 958 2822 clandestinae
981 2756 1136 2820 castitatis
1159 2755 1305 2837 cognitor
1326 2757 1429 2835 Deus,

377 2859 431 2920 cui
447 2869 570 2922 secreta
584 2869 707 2941 patent,
722 2870 752 2920 et
770 2879 866 2942 quem
881 2859 1029 2920 abstrusa
1042 2876 1108 2919 non
1122 2857 1223 2919 latent
1238 2876 1296 2939 pro
1314 2857 1428 2922 iucem

376 2960 530 3024 taminata
566 2959 782 3024 adolescentis
819 2959 1018 3022 continentia
1053 2957 1156 3021 eidem
1196 2959 1428 3043 Memphyticoe

375 3063 480 3146 gentis
495 3063 711 3143 gubernacula
725 3060 865 3138 tradidit,
881 3075 911 3125 et
926 3062 1068 3124 florentis
1082 3060 1207 3144 imperii
1223 3060 1428 3126 moderamen

375 3163 550 3245 regendum
567 3163 737 3226 commisit

420 3265 527 3330 David
543 3285 671 3349 quoque
687 3264 928 3348 opinatissimus
944 3283 1067 3346 regum,
1082 3263 1143 3326 sub
1157 3262 1230 3346 ipso
1249 3264 1428 3347 pubertatis

375 3368 531 3452 tyrocinio
560 3368 683 3430 illibata
711 3365 903 3448 Virginitate
933 3365 1087 3449 praeditus
1115 3375 1286 3448 antequam
1312 3367 1430 3448 copula

376 3469 571 3534 matrimonii
592 3480 625 3532 et
645 3470 799 3532 connubii
819 3467 960 3532 nexibus
978 3465 1158 3543 nodaretur,
1179 3487 1286 3529 nonne
1308 3466 1429 3546 argutis

374 3574 528 3637 fibrarum
555 3571 675 3635 fidibus
696 3571 918 3656 limphaticum
939 3569 1116 3650 mitigabat,
1136 3579 1170 3631 ct
1190 3570 1337 3652 impensa
1361 3589 1427 3632 sos·

373 3676 486 3759 pitatis
515 3675 614 3756 gratia
648 3674 834 3738 freneticum
868 3672 1000 3748 curavit,
1035 3671 1105 3735 dira
1132 3672 1245 3754 procul
1274 3681 1426 3734 tetrorum

375 3777 511 3860 explosa
536 3775 704 3857 spirituum
734 3774 872 3850 vesania,
898 3771 1020 3857 quique
1046 3771 1142 3834 etiam
1168 3779 1260 3834 aetate
1289 3772 1428 3836 tenellus

375 3879 505 3942 lacertis
519 3877 678 3942 invalidus
694 3877 896 3940 frementium
918 3874 1123 3938 mandibulas
1135 3875 1264 3936 leonum
1284 3872 1426 3959 discerp-

375 3979 467 4052 sisse,
488 3977 690 4062 dirorumque
708 3979 806 4041 rictus
829 3997 971 4040 ursorum
993 3975 1151 4039 frustatim
1173 3974 1380 4057 confregisse,
1394 3989 1426 4040 et

374 4081 531 4142 inormem
547 4081 783 4164 Allophilorum
799 4080 960 4162 gigantem
978 4077 1073 4142 crista
1094 4075 1229 4140 cassidis
1243 4097 1281 4140 ac
1297 4077 1427 4142 thorace

371 4181 532 4256 indutum,
555 4183 658 4246 orceis
680 4195 712 4245 et
732 4179 895 4264 phalarica
919 4188 1077 4243 armatum
1103 4197 1248 4261 aereaque
1274 4179 1426 4244 umbonis

373 4305 487 4368 parma
515 4295 705 4369 protectum,
735 4284 825 4348 saxis
859 4293 980 4346 tantum
1014 4281 1167 4343 teretibus
1195 4291 1228 4343 et
1255 4276 1427 4345 fundibulo

372 4386 473 4450 fretus
509 4387 706 4468 singulariter
739 4383 950 4467 congrediens
985 4384 1191 4446 obtruncasse
1228 4380 1425 4448 describitur.

376 4487 464 4568 Ergo
485 4487 563 4551 licet
587 4488 651 4550 vita
672 4487 756 4552 illius
782 4483 948 4569 usquead
972 4496 1091 4548 metam
1117 4485 1228 4547 mortis
1250 4485 1426 4566 probabilis
