3759 5425
445 696 507 756 288
723 710 877 759 arrarum
893 714 935 759 su
951 712 1130 771 soranos,
1146 715 1219 759 erc.

444 863 532 926 Loco
547 860 691 927 secundo
706 875 739 927 et
754 875 866 948 quarto
881 865 1065 950 dactylum:

583 968 703 1023 Christus
715 970 749 1022 de
761 988 835 1023 eruce
847 972 967 1025 enutrivit
977 970 1047 1025 mela
1058 973 1147 1025 mundi
1158 979 1252 1026 amota

444 1058 533 1121 Loco
547 1058 641 1122 tertio
656 1066 689 1123 et
703 1067 816 1142 quarto
831 1058 1018 1143 dactylum:

584 1154 704 1210 Christus
715 1158 838 1229 purgarit
849 1160 954 1226 generis
964 1158 1080 1212 mwulas
1090 1159 1206 1212 hnmani.

444 1252 533 1317 Loco
547 1252 641 1317 tertio
656 1264 688 1317 et
702 1253 813 1337 quinto
830 1252 1014 1339 dactylum:

583 1358 663 1411 Sacra
674 1357 785 1412 salmrit
795 1376 878 1428 genus
889 1360 1031 1414 humanum
1042 1378 1117 1415 unce
1129 1359 1261 1414 Christus

444 1448 533 1511 Loco
549 1460 661 1532 quarto
676 1456 710 1511 et
724 1447 838 1531 quinto
852 1447 1037 1532 dactylum:

586 1544 1292 1620 Christusacsserrotjamcriminaeunctarelmus.

487 1646 530 1711 D.
546 1647 665 1709 Versus
676 1666 720 1707 xv
732 1646 926 1728 syllabarum
939 1657 1019 1731 quot
1029 1646 1194 1712 schemata
1204 1645 1432 1730 complectitur
1437 1640 1500 1705 i·-

444 1746 492 1809 M.
514 1746 616 1809 Juxta
635 1744 723 1828 quod
742 1756 882 1809 veterum
902 1746 1109 1810 auctoritates
1131 1746 1361 1830 patefecerunt,
1381 1744 1497 1808 decem

444 1846 671 1923 schematibus,
686 1856 724 1910 ut
741 1846 797 1910 ille
816 1847 914 1929 prior,
928 1848 1140 1930 componitur.
1185 1847 1273 1911 Nam
1290 1846 1375 1911 sicut
1388 1846 1422 1909 in
1436 1846 1496 1909 illo

443 1946 500 2010 xiv
515 1945 707 2029 syllabarum
730 1946 879 2029 dactylus
900 1946 1010 2010 decies
1030 1948 1178 2025 variatur,
1191 1948 1239 2011 ita
1256 1948 1291 2010 in
1310 1946 1374 2009 hoc
1396 1967 1496 2029 spou-

445 2047 534 2111 doeus
548 2049 644 2112 toties
658 2048 831 2113 invertitur.

486 2148 529 2213 D.
559 2150 684 2214 Harum
707 2171 812 2214 rerum
838 2151 989 2234 exempla
1010 2150 1155 2215 versibus
1176 2150 1219 2215 ad
1239 2150 1325 2213 banc
1349 2147 1493 2232 speciem

443 2252 678 2336 pertinentibus
699 2251 807 2317 doceri
830 2249 1084 2316 desidero-M.
1107 2253 1260 2316 Lucanus
1273 2249 1358 2313 libro
1379 2255 1493 2312 octavo

446 2354 602 2439 explanat
616 2353 751 2418 dicens:

583 2450 677 2504 Ardua
687 2451 781 2522 quippe
791 2450 860 2505 tides
870 2450 990 2505 robustas
999 2450 1085 2517 exigit
1095 2466 1185 2503 annos.

445 2538 602 2625 Idemque
615 2540 699 2604 libro
714 2540 829 2623 quinto

582 2642 1198 2718 Farturadtequorcasacseproy'eeitinundss

444 2743 616 2810 Scanditur
639 2744 696 2823 ite,
717 2745 813 2807 femur
834 2743 885 2807 ad.
909 2763 1047 2828 aequorc.
1069 2763 1106 2807 as
1126 2763 1176 2806 ac.
1199 2763 1234 2806 se
1256 2762 1324 2825 pro.
1343 2741 1426 2826 jecit
1447 2738 1491 2802 in.

443 2845 558 2910 undas.
574 2845 727 2926 Virgilius
742 2845 776 2908 iu
793 2844 982 2926 Georgicis:

583 2941 768 3012 Aeneamque
779 2958 843 2995 cano
856 2940 977 2994 Romana
988 2957 1034 3012 per
1045 2940 1140 3013 oppida
1150 2957 1263 2993 mamm.

442 3031 488 3096 Et
501 3030 621 3094 Paulus
636 3030 784 3102 Quaestor
798 3032 844 3095 ait

582 3135 689 3188 Arbiter
700 3152 820 3190 aerarum
832 3137 877 3206 qul
886 3136 1009 3192 fluctibus
1019 3137 1131 3208 imperat
1140 3136 1205 3188 atris

442 3233 530 3315 Ergo
543 3229 768 3316 hujuscemodi
782 3253 892 3296 versus
907 3231 1113 3298 decaschemi
1127 3232 1289 3295 dicuntur.

485 3331 528 3396 D.
552 3329 787 3416 Hujuscemodi
809 3332 1027 3416 responsionis
1048 3342 1237 3413 argumento
1258 3331 1337 3394 mihi
1358 3329 1491 3394 minim

442 3432 640 3499 satisfactum
653 3452 723 3496 esse
739 3432 883 3510 arbitror,
893 3432 958 3496 uisi
971 3453 1011 3496 ea
1025 3452 1098 3515 quae
1113 3431 1332 3515 particulatim
1346 3431 1493 3495 versibus

442 3542 598 3616 excerpta
608 3540 683 3595 sunt
693 3531 910 3596 universaliter
920 3529 1168 3615 adstipulatione
1178 3531 1319 3615 decupla
1328 3550 1366 3595 ac
1379 3549 1493 3593 cumu-

440 3635 546 3698 lentur
554 3631 660 3696 t-M.
683 3634 804 3696 Versus
822 3632 1011 3696 hexameter
1024 3631 1211 3716 quindecim
1230 3632 1374 3716 syllabis,
1388 3629 1492 3693 tribus

440 3732 578 3818 dactylis
591 3741 753 3813 constans,
764 3733 858 3813 dena,
869 3744 904 3797 ut
918 3733 1071 3810 diximus,
1082 3733 1227 3797 continet
1240 3733 1416 3809 schemata,
1426 3730 1491 3794 boc

439 3833 555 3898 modo:
578 3835 652 3898 loco
666 3835 781 3919 primo,
796 3834 939 3899 secundo
955 3844 989 3898 et
1002 3835 1094 3898 tertio
1109 3833 1292 3917 dactylum:

580 3931 597 3984 J
598 3949 642 3984 am
652 3932 799 3986 veneranda
812 3931 864 3985 Dei
875 3931 979 3985 soboles
989 3931 1114 3985 mundum
1126 3931 1244 3984 salvavit.

440 4020 531 4083 Loco
545 4019 661 4104 primo,
675 4019 819 4084 secundo
834 4027 867 4083 et
882 4031 1014 4104 quarto:

580 4115 640 4169 Jam
651 4116 819 4170 memoranda
831 4115 884 4170 Dei
893 4115 979 4188 proles
990 4134 1065 4170 cruce
1076 4122 1163 4170 uarat
1174 4116 1261 4172 socia.

439 4207 530 4272 Loco
545 4208 659 4292 primo,
673 4206 818 4272 weundo
833 4217 865 4272 ct
879 4207 992 4292 quinto
1007 4206 1190 4290 dactylum:

581 4311 623 4365 En
634 4312 782 4366 renuenda
793 4311 848 4366 Dei
858 4310 944 4384 proles
956 4309 1040 4364 salvat
1051 4329 1126 4365 eruce
1137 4310 1271 4364 mnndum.

440 4399 529 4464 Loco
543 4398 647 4483 primo
662 4401 753 4464 tertio
769 4411 800 4464 et
815 4409 927 4484 quarto
944 4399 1128 4482 dactylum:

581 4495 613 4548 lu
624 4514 698 4552 emec
709 4513 848 4569 smpeusus
859 4497 915 4552 sins
926 4497 1034 4551 cumino
1046 4495 1130 4550 salvat
1140 4495 1272 4549 mundum.

1659 2143 1662 2354 l
