3759 5425
688 721 913 776 os'ttoontos
925 727 1106 775 vtntttttutt.

469 879 535 943 Hic
553 901 615 958 ms,
630 891 792 964 patronus,
807 882 932 948 coelcsti
946 879 1066 944 soedere
1080 879 1183 955 fulcit,

468 979 515 1042 Ut
527 1000 685 1064 nequeam
701 1001 831 1064 prorsus
845 980 1022 1066 quidquam
1038 979 1178 1044 carnalis
1192 998 1308 1042 amare.
1401 1015 1403 1020 ·

468 1077 616 1162 Namque
631 1098 737 1144 meum
746 1081 869 1165 jugiter
881 1090 1048 1144 conservat
1061 1099 1178 1162 corpus
1192 1077 1226 1141 in
1242 1098 1356 1156 sevum,

470 1178 517 1241 Ut
528 1180 637 1243 nullus
650 1182 755 1245 valeat
768 1201 886 1264 spurco
900 1198 1076 1244 succensus
1089 1199 1207 1256 amore,

467 1276 673 1344 contrectare
687 1303 760 1345 mea
773 1283 929 1365 probroso
943 1280 1076 1344 crimine
1091 1281 1253 1343 membra:

469 1378 536 1443 Sed
550 1401 629 1444 mox
643 1383 799 1464 angelicis
813 1380 972 1445 ulciscens
988 1381 1131 1444 vindicat
1145 1381 1253 1457 armis,

468 1480 532 1550 Qui
546 1502 598 1544 me
613 1483 746 1565 pollutis
761 1483 905 1545 nituntur
918 1480 1076 1564 prendere
1091 1481 1218 1564 palmis.

469 1579 523 1642 Sic
539 1580 655 1645 devota
669 1584 742 1645 Deo
756 1583 915 1645 convertit
928 1582 1047 1646 femina
1062 1601 1234 1664 sponsum:

470 1679 622 1744 Necnon
637 1692 670 1747 et
682 1684 816 1747 levirum
832 1683 958 1746 solvens
973 1701 1078 1745 errore
1093 1689 1229 1759 venno,

470 1781 584 1845 Donec
599 1783 766 1847 credentes
780 1784 993 1867 sumpsissent
1007 1782 1093 1846 dona
1106 1782 1236 1858 lavacri,

469 1883 560 1946 Facti
574 1884 755 1967 municipes
768 1885 803 1946 iu
817 1883 951 1947 summis
966 1883 1094 1947 arcibus
1109 1885 1216 1959 ambo,

471 1985 629 2067 Martyres
643 1986 749 2048 effecti
764 1985 870 2048 carnis
885 1994 1043 2048 tormenta
1059 1985 1193 2048 luentes.

511 2085 624 2148 Sicilia
636 2087 742 2161 tellus,
758 2107 856 2169 quarn
871 2086 991 2148 vallant
1004 2086 1121 2149 caerula
1135 2085 1238 2167 ponti,

469 2185 638 2248 Fluctibus
651 2196 685 2249 et
697 2187 802 2250 rabies
816 2187 924 2268 pulsat
938 2205 996 2269 per
1010 2187 1131 2249 saecula
1145 2186 1248 2262 salsis,

470 2285 585 2348 Edidit
598 2287 756 2367 Agatben,
772 2287 893 2349 Christi
906 2286 1114 2350 famulatibus
1128 2296 1247 2368 aptam,

469 2387 592 2448 Accola
605 2407 700 2468 quam
716 2387 845 2449 Siculus
859 2387 980 2450 famosa
993 2386 1088 2450 laude
1103 2386 1291 2468 frequentat.

469 2487 549 2558 Qua
565 2507 599 2550 se
614 2487 731 2550 divinis
745 2486 904 2550 subdebat
918 2488 1058 2550 cultibus
1072 2488 1165 2548 ultro.

469 2587 618 2671 Namque
632 2589 808 2672 pubertatis
822 2589 958 2651 florebat
972 2598 1114 2670 tempore
1131 2585 1270 2660 Christo,

471 2687 609 2753 Divitias
622 2688 735 2752 mnndi
750 2689 944 2752 conculcans
958 2697 1064 2751 mente
1079 2685 1231 2763 caducas,

471 2790 587 2853 Omnia
600 2792 769 2855 saeclorum
783 2812 862 2854 mox
876 2799 1063 2853 ornaments
1077 2788 1273 2872 relinquens,

471 2892 516 2954 Et
529 2893 671 2975 sequitur
686 2892 864 2955 Dominum
879 2890 996 2954 devota
1004 2890 1183 2975 juvencula
1198 2888 1359 2954 Christum

471 2990 550 3062 Quis
563 3012 639 3054 vero
654 3011 768 3075 poenas
783 2991 888 3055 verbis
903 2998 1027 3055 enarret
1042 2988 1198 3055 acerbas?

469 3094 534 3155 Aut
548 3094 659 3156 mortis
672 3094 776 3156 valeat
791 3093 900 3156 clades
915 3094 1039 3157 effarier
1053 3104 1148 3170 atras,

470 3195 556 3265 Quas
572 3206 648 3259 tunc
663 3196 697 3257 in
712 3195 829 3257 teneris
844 3196 963 3277 perfert
977 3196 1162 3278 virguncula
1176 3191 1349 3258 membris?

470 3294 611 3358 Horrida
626 3295 770 3358 vulnifici
784 3296 904 3379 patitur
917 3296 1104 3360 discrimina
1119 3296 1202 3373 ferri,

471 3396 565 3466 Quod
580 3404 704 3458 castum
718 3396 837 3458 lacerat
850 3414 968 3477 corpus
982 3416 1134 3457 mucrone
1149 3402 1292 3468 cruento,

471 3496 605 3559 Pectora
617 3494 769 3575 virgineis
783 3494 971 3558 fraudantur
983 3497 1098 3576 pulcra
1110 3495 1251 3577 papillis,

467 3596 714 3677 Purpureusque
729 3614 822 3658 cruor
836 3594 961 3657 stillans
976 3592 1016 3656 de
1033 3614 1128 3657 carne
1143 3593 1272 3657 fluebat.

469 3696 522 3759 Sic
539 3716 667 3780 quoque
684 3695 852 3757 carnifices
866 3695 1028 3756 torrebant
1041 3694 1115 3773 igne
1130 3694 1281 3775 puellam,

469 3796 637 3876 Virgineos
652 3804 738 3858 artus
752 3807 894 3858 assantes
908 3792 1047 3856 torribus
1062 3794 1145 3856 atris.

468 3898 521 3960 Sic
537 3896 623 3960 dicto
640 3896 736 3959 citius
750 3895 908 3978 perdebat
922 3896 1053 3957 flamma
1068 3894 1220 3975 rigorem,

468 3998 602 4079 Ignibus
616 3996 766 4060 innocuis
780 4016 919 4060 exurens
933 3996 1076 4057 membra
1090 3996 1217 4077 puellae.

468 4098 539 4161 Nec
555 4098 615 4161 fuit
628 4098 662 4160 in
678 4117 778 4180 poena
792 4097 931 4180 simplex
946 4096 1072 4158 vexatio
1088 4096 1202 4172 carnis,

466 4196 530 4259 Sed
544 4198 663 4279 triplex
678 4197 787 4278 potius
802 4204 930 4279 torquet
944 4194 1090 4257 strictura
1103 4196 1249 4257 lacertos.

466 4298 550 4360 Tum
565 4319 661 4379 rogus
676 4296 856 4372 ardescens,
870 4305 903 4358 et
917 4294 1021 4357 rubrae
1035 4295 1191 4375 fragmina
1206 4302 1307 4372 testa,

466 4399 535 4462 Nec
551 4420 617 4462 nou
633 4408 666 4462 et
678 4398 772 4479 rigidi
788 4396 930 4461 crudelis
944 4396 1046 4457 sectio
1061 4395 1144 4473 ferri,

467 4500 614 4564 Membra
630 4502 818 4564 cruentabat
831 4513 949 4581 spurco
966 4495 1035 4558 sinc
1053 4496 1185 4559 crimine
1202 4497 1317 4583 culpae.
