3759 5425
656 691 811 763 rrrsrom
826 693 870 739 so
885 691 1062 754 scrncrorr,
1078 692 1148 739 arc.
1367 672 1428 735 aot

463 848 542 911 Late
558 868 615 931 per
630 846 784 911 mundum
801 847 934 931 dispersi
950 848 1071 911 semina
1085 844 1209 921 mortis,

464 946 560 1012 Unde
574 946 733 1011 horrenda
747 967 838 1029 seges
853 946 931 1011 diris
946 945 1106 1011 succrevit
1120 944 1232 1007 aristis

466 1050 570 1122 Quam
587 1048 678 1113 metit
691 1047 733 1112 ad
747 1050 870 1113 scelera
885 1057 1041 1113 scortator
1053 1046 1137 1111 falce
1151 1045 1303 1127 maligna.

465 1151 632 1232 Comigeri
646 1153 782 1215 multum
794 1170 903 1215 vereor
916 1148 1091 1215 certamina
1104 1148 1190 1213 cerri

464 1251 612 1335 Namque
627 1250 809 1315 senescenti
824 1251 988 1333 spoliabor
1000 1250 1087 1333 pelle
1102 1258 1246 1313 vetustus

464 1352 568 1435 litque
582 1372 667 1415 nova
680 1372 788 1415 rursus
803 1349 900 1415 fretus
913 1349 1087 1414 remanebo
1096 1348 1240 1435 juventa.

694 1572 878 1619 aaronem
892 1572 1108 1620 omoartcflt.

639 1674 666 1734 l.
690 1670 743 1736 Dc
759 1671 902 1734 Oandelo
915 1672 968 1733 oct
982 1672 1169 1735 linamento.

464 1773 601 1837 Materia
615 1772 738 1856 duplici
752 1773 868 1857 palmis
881 1774 1064 1858 plasmabar
1077 1772 1205 1857 apertis,

466 1874 620 1938 Interiora
633 1873 713 1937 mihi
729 1874 929 1939 candescunt
943 1874 1159 1952 visceralium

466 1974 532 2040 Seu
547 1984 631 2039 certe
646 1974 755 2057 gracili
764 1976 867 2059 junco
881 1976 1019 2061 spoliata
1032 1976 1213 2039 nitescant:

466 2076 532 2141 Sed
546 2096 634 2141 nuno
649 2076 790 2140 exterius
804 2077 982 2141 flavescunt
996 2097 1129 2161 corporo
1142 2071 1221 2139 flore

465 2177 546 2250 Quae
562 2178 770 2261 flammasque
785 2176 937 2262 locosque
952 2178 1051 2242 larem
1066 2177 1221 2241 fumantia
1234 2173 1382 2239 lirndunt.

465 2278 511 2342 Et
525 2279 637 2341 crebro
651 2277 801 2360 lacrymae
816 2278 938 2343 stillant
953 2278 995 2343 de
1009 2279 1169 2342 froufibus
1183 2276 1268 2355 udae,

468 2378 521 2443 Sic
537 2390 643 2443 tamen
658 2378 834 2443 horrendas
847 2381 955 2444 noctis
969 2380 1125 2461 extinguo
1137 2380 1287 2457 latebras,

467 2479 635 2561 Reliquias
649 2479 791 2544 cinerum
806 2502 883 2546 mox
899 2480 1025 2545 viscera
1037 2491 1120 2544 torto
1133 2480 1328 2562 relinquunt.

777 2586 808 2644 2.
832 2579 885 2643 Dc
900 2580 1033 2663 Aquilo.

468 2682 612 2765 Armiger
625 2682 754 2747 infausti
768 2682 859 2747 Jovis
874 2694 906 2746 et
920 2695 1029 2769 raptor
1042 2680 1255 2768 Ganymedis,

466 2785 657 2868 Quanquam
671 2784 814 2868 pellaces
829 2787 988 2850 cantarint
1002 2785 1142 2850 carmine
1156 2795 1256 2863 vates,

467 2885 542 2948 Non
557 2885 676 2949 fueram
691 2905 815 2969 praepes
829 2906 895 2970 qao
909 2886 1006 2950 lertru
1020 2885 1174 2950 Dardana
1187 2885 1305 2969 proles,

467 2985 533 3050 Sed
547 2986 648 3067 magis
662 2987 696 3048 in
712 2987 846 3050 summis
861 3009 983 3071 cycnos
997 2987 1127 3071 agitabo
1141 2986 1281 3069 lirgaces.

469 3088 679 3170 timentesque
694 3107 787 3168 grues
799 3089 953 3171 proturbo
968 3090 1028 3153 sub
1044 3087 1171 3153 aetheris
1185 3109 1257 3152 axe.

468 3186 612 3271 Corpora
627 3187 704 3251 dum
720 3189 810 3252 senio
826 3190 1002 3274 corrumpit
1015 3190 1101 3255 sessa
1114 3199 1264 3254 vetustas.

468 3287 624 3350 Fontibus
638 3287 673 3350 in
687 3286 819 3373 liquidis
832 3289 1005 3372 mergentis
1019 3291 1163 3355 membra
1176 3288 1377 3367 madescunt,

467 3387 628 3452 Posthac
643 3399 800 3452 restauror
814 3392 967 3472 praeclaro
981 3391 1102 3454 lumine
1117 3390 1243 3455 Phoebi.

684 3492 715 3551 8.
739 3488 792 3552 De
800 3508 914 3571 penna
929 3489 1121 3570 emporio.

469 3591 524 3654 Me
540 3589 663 3673 pridem
679 3591 790 3671 genuit
804 3590 947 3654 candens
962 3591 1164 3654 onocratalus
1178 3591 1285 3656 albam

469 3691 605 3754 Gutture
621 3691 678 3773 qai
692 3693 801 3774 patulo
817 3693 924 3756 sorbet
939 3691 980 3754 de
995 3692 1118 3774 gurgite
1131 3692 1290 3776 lymphas.

468 3790 571 3872 Pergo
585 3812 645 3875 per
658 3793 803 3856 albentes
818 3792 940 3856 directo
955 3792 1079 3856 tramite
1095 3813 1238 3877 campos,

468 3890 692 3977 candentique
707 3895 767 3958 vioe
781 3895 916 3976 vestigia
931 3895 1050 3958 caerula
1062 3895 1186 3980 linquo,

469 3991 592 4056 Lucida
606 3993 739 4074 nigratis
753 3993 882 4058 firscans
896 3993 1102 4060 amfractibus
1117 4016 1199 4059 arva

470 4093 539 4157 Neo
555 4095 632 4158 satis
647 4105 694 4158 est
708 4115 808 4159 unum
822 4117 881 4179 per
895 4117 1028 4181 campos
1041 4096 1181 4181 pandere
1196 4097 1327 4162 callem:

469 4193 593 4258 Semita
607 4197 685 4278 quin
700 4196 809 4281 potius
823 4197 957 4261 milleno
971 4199 1095 4262 tramite
1110 4198 1223 4276 tendit,

469 4295 547 4366 Quae
563 4317 630 4360 uon
646 4309 784 4363 errantes
800 4297 840 4362 ad
856 4299 930 4362 coeli
946 4299 1089 4362 culmina
1102 4299 1200 4362 vexit.

764 4405 794 4460 4.
819 4399 871 4462 Dc
888 4398 1052 4480 Salprr'aqe.

469 4497 545 4560 Sum
563 4520 649 4578 cava,
665 4501 843 4564 bellantum
860 4502 983 4583 crepitu
999 4504 1073 4584 quia
1089 4502 1187 4566 corda
1202 4504 1295 4566 ciebo
