<?xml version="1.0" encoding="UTF-8"?>
<!DOCTYPE html PUBLIC "-//W3C//DTD XHTML 1.0 Transitional//EN"
    "http://www.w3.org/TR/xhtml1/DTD/xhtml1-transitional.dtd">
<html xmlns="http://www.w3.org/1999/xhtml" xml:lang="en" lang="en">
 <head>
  <title>
</title>
<meta http-equiv="Content-Type" content="text/html;charset=utf-8" />
  <meta name='ocr-system' content='tesseract 3.04.00' />
  <meta name='ocr-capabilities' content='ocr_page ocr_carea ocr_par ocr_line ocrx_word'/>
</head>
<body>
  <div class='ocr_page' id='page_1' title='image "./operaquextantom00aldhgoog_0077.png"; bbox 0 0 3759 5425; ppageno 0'>
   <div class='ocr_carea' id='block_1_1' title="bbox 628 706 1385 771">
    <p class='ocr_par' dir='ltr' id='par_1_1' title="bbox 628 706 1385 771">
     <span class='ocr_line' id='line_1_1' title="bbox 628 706 1385 771; baseline -0.007 -2"><span class='ocrx_word' id='word_1_1' title='bbox 628 727 670 771; x_wconf 85' lang='lat' dir='ltr'><strong>na</strong></span> <span class='ocrx_word' id='word_1_2' title='bbox 686 726 851 771; x_wconf 77' lang='lat' dir='ltr'><strong>muninus</strong></span> <span class='ocrx_word' id='word_1_3' title='bbox 865 724 1098 771; x_wconf 76' lang='lat' dir='ltr'><strong>ursorurrsrrs.</strong></span> <span class='ocrx_word' id='word_1_4' title='bbox 1343 706 1385 765; x_wconf 78' lang='lat'><strong>49</strong></span> 
     </span>
    </p>
   </div>
   <div class='ocr_carea' id='block_1_2' title="bbox 331 875 1385 1873">
    <p class='ocr_par' dir='ltr' id='par_1_2' title="bbox 331 875 1385 1873">
     <span class='ocr_line' id='line_1_2' title="bbox 332 875 1383 958; baseline -0.008 -13"><span class='ocrx_word' id='word_1_5' title='bbox 332 882 394 945; x_wconf 88' lang='lat' dir='ltr'><strong>hac</strong></span> <span class='ocrx_word' id='word_1_6' title='bbox 425 880 641 945; x_wconf 89' lang='lat' dir='ltr'><strong>confessorum</strong></span> <span class='ocrx_word' id='word_1_7' title='bbox 673 878 791 943; x_wconf 77' lang='lat' dir='ltr'><strong>Christi</strong></span> <span class='ocrx_word' id='word_1_8' title='bbox 820 879 953 943; x_wconf 79' lang='lat' dir='ltr'><strong>victoria</strong></span> <span class='ocrx_word' id='word_1_9' title='bbox 981 879 1161 943; x_wconf 89' lang='lat' dir='ltr'><strong>confutatus</strong></span> <span class='ocrx_word' id='word_1_10' title='bbox 1193 878 1227 939; x_wconf 92' lang='lat' dir='ltr'><strong>in</strong></span> <span class='ocrx_word' id='word_1_11' title='bbox 1258 875 1383 958; x_wconf 89' lang='lat' dir='ltr'><strong>amphi-</strong></span> 
     </span>
     <span class='ocr_line' id='line_1_3' title="bbox 332 979 1382 1045; baseline -0.006 0"><span class='ocrx_word' id='word_1_12' title='bbox 332 982 493 1045; x_wconf 75' lang='lat' dir='ltr'><strong>theatrum</strong></span> <span class='ocrx_word' id='word_1_13' title='bbox 515 990 644 1043; x_wconf 84' lang='lat' dir='ltr'><strong>sanctos</strong></span> <span class='ocrx_word' id='word_1_14' title='bbox 670 980 778 1043; x_wconf 88' lang='lat' dir='ltr'><strong>ferreis</strong></span> <span class='ocrx_word' id='word_1_15' title='bbox 796 979 936 1043; x_wconf 89' lang='lat' dir='ltr'><strong>collariis</strong></span> <span class='ocrx_word' id='word_1_16' title='bbox 956 1000 1121 1043; x_wconf 80' lang='lat' dir='ltr'><strong>connexos</strong></span> <span class='ocrx_word' id='word_1_17' title='bbox 1141 986 1291 1042; x_wconf 90' lang='lat' dir='ltr'><strong>cruentus</strong></span> <span class='ocrx_word' id='word_1_18' title='bbox 1314 997 1382 1040; x_wconf 90' lang='lat' dir='ltr'><strong>car·</strong></span> 
     </span>
     <span class='ocr_line' id='line_1_4' title="bbox 331 1079 1382 1167; baseline -0.007 -20"><span class='ocrx_word' id='word_1_19' title='bbox 331 1085 423 1148; x_wconf 88' lang='lat' dir='ltr'><strong>nifex</strong></span> <span class='ocrx_word' id='word_1_20' title='bbox 448 1084 584 1167; x_wconf 88' lang='lat' dir='ltr'><strong>imperat</strong></span> <span class='ocrx_word' id='word_1_21' title='bbox 606 1082 691 1159; x_wconf 92' lang='lat' dir='ltr'><strong>duci,</strong></span> <span class='ocrx_word' id='word_1_22' title='bbox 714 1093 872 1167; x_wconf 90' lang='lat' dir='ltr'><strong>quatenus</strong></span> <span class='ocrx_word' id='word_1_23' title='bbox 894 1082 1062 1165; x_wconf 78' lang='lat' dir='ltr'><strong>patefactis</strong></span> <span class='ocrx_word' id='word_1_24' title='bbox 1084 1101 1288 1144; x_wconf 81' lang='lat' dir='ltr'><strong>cavernarum</strong></span> <span class='ocrx_word' id='word_1_25' title='bbox 1315 1079 1382 1141; x_wconf 91' lang='lat' dir='ltr'><strong>clu·</strong></span> 
     </span>
     <span class='ocr_line' id='line_1_5' title="bbox 331 1176 1384 1267; baseline -0.007 -20"><span class='ocrx_word' id='word_1_26' title='bbox 331 1184 444 1261; x_wconf 88' lang='lat' dir='ltr'><strong>stellis,</strong></span> <span class='ocrx_word' id='word_1_27' title='bbox 467 1196 498 1247; x_wconf 89' lang='lat' dir='ltr'><strong>et</strong></span> <span class='ocrx_word' id='word_1_28' title='bbox 523 1184 643 1267; x_wconf 85' lang='lat' dir='ltr'><strong>apertis</strong></span> <span class='ocrx_word' id='word_1_29' title='bbox 671 1185 840 1247; x_wconf 81' lang='lat' dir='ltr'><strong>clatrorum</strong></span> <span class='ocrx_word' id='word_1_30' title='bbox 870 1181 1046 1245; x_wconf 76' lang='lat' dir='ltr'><strong>obstaculis</strong></span> <span class='ocrx_word' id='word_1_31' title='bbox 1075 1202 1216 1244; x_wconf 91' lang='lat' dir='ltr'><strong>ursorum</strong></span> <span class='ocrx_word' id='word_1_32' title='bbox 1246 1176 1384 1260; x_wconf 87' lang='lat' dir='ltr'><strong>gingivis</strong></span> 
     </span>
     <span class='ocr_line' id='line_1_6' title="bbox 332 1279 1384 1368; baseline -0.006 -19"><span class='ocrx_word' id='word_1_33' title='bbox 332 1295 538 1368; x_wconf 83' lang='lat' dir='ltr'><strong>carperentur</strong></span> <span class='ocrx_word' id='word_1_34' title='bbox 559 1295 591 1348; x_wconf 90' lang='lat' dir='ltr'><strong>et</strong></span> <span class='ocrx_word' id='word_1_35' title='bbox 619 1285 750 1347; x_wconf 90' lang='lat' dir='ltr'><strong>leonum</strong></span> <span class='ocrx_word' id='word_1_36' title='bbox 778 1284 911 1346; x_wconf 90' lang='lat' dir='ltr'><strong>rictibus</strong></span> <span class='ocrx_word' id='word_1_37' title='bbox 939 1282 1137 1345; x_wconf 84' lang='lat' dir='ltr'><strong>roderentur.</strong></span> <span class='ocrx_word' id='word_1_38' title='bbox 1183 1282 1236 1344; x_wconf 91' lang='lat' dir='ltr'><strong>Sic</strong></span> <span class='ocrx_word' id='word_1_39' title='bbox 1266 1279 1384 1343; x_wconf 91' lang='lat' dir='ltr'><strong>stolida</strong></span> 
     </span>
     <span class='ocr_line' id='line_1_7' title="bbox 331 1382 1385 1470; baseline -0.005 -21"><span class='ocrx_word' id='word_1_40' title='bbox 331 1385 480 1469; x_wconf 74' lang='lat' dir='ltr'><strong>praesidis</strong></span> <span class='ocrx_word' id='word_1_41' title='bbox 508 1385 686 1470; x_wconf 81' lang='lat' dir='ltr'><strong>praecordia</strong></span> <span class='ocrx_word' id='word_1_42' title='bbox 711 1386 847 1468; x_wconf 89' lang='lat' dir='ltr'><strong>Deoque</strong></span> <span class='ocrx_word' id='word_1_43' title='bbox 869 1384 972 1447; x_wconf 91' lang='lat' dir='ltr'><strong>invisa</strong></span> <span class='ocrx_word' id='word_1_44' title='bbox 993 1405 1067 1466; x_wconf 89' lang='lat' dir='ltr'><strong>spes</strong></span> <span class='ocrx_word' id='word_1_45' title='bbox 1087 1384 1242 1467; x_wconf 89' lang='lat' dir='ltr'><strong>pascebat</strong></span> <span class='ocrx_word' id='word_1_46' title='bbox 1266 1382 1385 1457; x_wconf 89' lang='lat' dir='ltr'><strong>inanis,</strong></span> 
     </span>
     <span class='ocr_line' id='line_1_8' title="bbox 332 1482 1384 1565; baseline -0.006 -16"><span class='ocrx_word' id='word_1_47' title='bbox 332 1486 411 1549; x_wconf 92' lang='lat' dir='ltr'><strong>dum</strong></span> <span class='ocrx_word' id='word_1_48' title='bbox 423 1484 595 1549; x_wconf 83' lang='lat' dir='ltr'><strong>furibunda</strong></span> <span class='ocrx_word' id='word_1_49' title='bbox 605 1486 739 1548; x_wconf 90' lang='lat' dir='ltr'><strong>serarum</strong></span> <span class='ocrx_word' id='word_1_50' title='bbox 754 1484 870 1559; x_wconf 90' lang='lat' dir='ltr'><strong>rabies,</strong></span> <span class='ocrx_word' id='word_1_51' title='bbox 882 1495 914 1547; x_wconf 87' lang='lat' dir='ltr'><strong>et</strong></span> <span class='ocrx_word' id='word_1_52' title='bbox 928 1486 1041 1565; x_wconf 83' lang='lat' dir='ltr'><strong>gulosa</strong></span> <span class='ocrx_word' id='word_1_53' title='bbox 1051 1484 1214 1547; x_wconf 89' lang='lat' dir='ltr'><strong>beluarum</strong></span> <span class='ocrx_word' id='word_1_54' title='bbox 1225 1482 1384 1562; x_wconf 75' lang='lat' dir='ltr'>ingluvies</span> 
     </span>
     <span class='ocr_line' id='line_1_9' title="bbox 332 1585 1383 1669; baseline -0.007 -17"><span class='ocrx_word' id='word_1_55' title='bbox 332 1587 466 1652; x_wconf 66' lang='lat' dir='ltr'><strong>Caelesti</strong></span> <span class='ocrx_word' id='word_1_56' title='bbox 492 1602 573 1650; x_wconf 90' lang='lat' dir='ltr'><strong>nutu</strong></span> <span class='ocrx_word' id='word_1_57' title='bbox 607 1607 791 1669; x_wconf 87' lang='lat' dir='ltr'><strong>compressa</strong></span> <span class='ocrx_word' id='word_1_58' title='bbox 820 1588 959 1649; x_wconf 86' lang='lat' dir='ltr'><strong>oblatam</strong></span> <span class='ocrx_word' id='word_1_59' title='bbox 988 1585 1129 1669; x_wconf 87' lang='lat' dir='ltr'><strong>praedam</strong></span> <span class='ocrx_word' id='word_1_60' title='bbox 1165 1586 1289 1647; x_wconf 91' lang='lat' dir='ltr'><strong>lurcare</strong></span> <span class='ocrx_word' id='word_1_61' title='bbox 1318 1603 1383 1646; x_wconf 92' lang='lat' dir='ltr'><strong>nou</strong></span> 
     </span>
     <span class='ocr_line' id='line_1_10' title="bbox 332 1686 1383 1773; baseline -0.005 -20"><span class='ocrx_word' id='word_1_62' title='bbox 332 1689 474 1753; x_wconf 85' lang='lat' dir='ltr'><strong>audens:</strong></span> <span class='ocrx_word' id='word_1_63' title='bbox 505 1690 630 1753; x_wconf 90' lang='lat' dir='ltr'><strong>hiulcas</strong></span> <span class='ocrx_word' id='word_1_64' title='bbox 651 1686 793 1753; x_wconf 90' lang='lat' dir='ltr'><strong>faucium</strong></span> <span class='ocrx_word' id='word_1_65' title='bbox 811 1689 1017 1773; x_wconf 82' lang='lat' dir='ltr'><strong>gurguliones</strong></span> <span class='ocrx_word' id='word_1_66' title='bbox 1042 1689 1205 1773; x_wconf 84' lang='lat' dir='ltr'><strong>oppilavit,</strong></span> <span class='ocrx_word' id='word_1_67' title='bbox 1227 1698 1263 1750; x_wconf 89' lang='lat' dir='ltr'><strong>ut</strong></span> <span class='ocrx_word' id='word_1_68' title='bbox 1283 1686 1383 1749; x_wconf 88' lang='lat' dir='ltr'><strong>Poeta</strong></span> 
     </span>
     <span class='ocr_line' id='line_1_11' title="bbox 333 1788 659 1873; baseline -0.006 -20"><span class='ocrx_word' id='word_1_69' title='bbox 333 1790 374 1855; x_wconf 91' lang='lat' dir='ltr'><strong>de</strong></span> <span class='ocrx_word' id='word_1_70' title='bbox 390 1790 550 1873; x_wconf 82' lang='lat' dir='ltr'><strong>Propheta</strong></span> <span class='ocrx_word' id='word_1_71' title='bbox 563 1788 659 1852; x_wconf 90' lang='lat' dir='ltr'><strong>dicit:</strong></span> 
     </span>
    </p>
   </div>
   <div class='ocr_carea' id='block_1_3' title="bbox 543 1893 1152 1967">
    <p class='ocr_par' dir='ltr' id='par_1_3' title="bbox 543 1893 1152 1967">
     <span class='ocr_line' id='line_1_12' title="bbox 543 1893 1152 1967; baseline -0.005 -19"><span class='ocrx_word' id='word_1_72' title='bbox 543 1896 579 1949; x_wconf 85' lang='lat' dir='ltr'><strong>El</strong></span> <span class='ocrx_word' id='word_1_73' title='bbox 591 1896 705 1949; x_wconf 86' lang='lat' dir='ltr'><strong>didicere</strong></span> <span class='ocrx_word' id='word_1_74' title='bbox 717 1900 802 1949; x_wconf 86' lang='lat' dir='ltr'><strong>truces</strong></span> <span class='ocrx_word' id='word_1_75' title='bbox 814 1895 927 1967; x_wconf 74' lang='lat' dir='ltr'><strong>predam</strong></span> <span class='ocrx_word' id='word_1_76' title='bbox 939 1912 1042 1947; x_wconf 83' lang='lat' dir='ltr'><strong>servare</strong></span> <span class='ocrx_word' id='word_1_77' title='bbox 1053 1893 1152 1946; x_wconf 85' lang='lat' dir='ltr'><strong>leones.</strong></span> 
     </span>
    </p>
   </div>
   <div class='ocr_carea' id='block_1_4' title="bbox 331 1994 1385 4125">
    <p class='ocr_par' dir='ltr' id='par_1_4' title="bbox 331 1994 1385 2904">
     <span class='ocr_line' id='line_1_13' title="bbox 333 1994 1383 2069; baseline -0.012 0"><span class='ocrx_word' id='word_1_78' title='bbox 333 2003 387 2069; x_wconf 82' lang='lat' dir='ltr'><strong>Ad</strong></span> <span class='ocrx_word' id='word_1_79' title='bbox 400 2000 546 2068; x_wconf 91' lang='lat' dir='ltr'><strong>ultimum</strong></span> <span class='ocrx_word' id='word_1_80' title='bbox 566 2002 682 2065; x_wconf 88' lang='lat' dir='ltr'><strong>beatus</strong></span> <span class='ocrx_word' id='word_1_81' title='bbox 701 2000 851 2066; x_wconf 84' lang='lat' dir='ltr'><strong>Julianus</strong></span> <span class='ocrx_word' id='word_1_82' title='bbox 874 2020 948 2062; x_wconf 91' lang='lat' dir='ltr'><strong>cum</strong></span> <span class='ocrx_word' id='word_1_83' title='bbox 969 1999 1093 2063; x_wconf 85' lang='lat' dir='ltr'><strong>caeteris</strong></span> <span class='ocrx_word' id='word_1_84' title='bbox 1110 1994 1383 2062; x_wconf 84' lang='lat' dir='ltr'><strong>commilitonibus</strong></span> 
     </span>
     <span class='ocr_line' id='line_1_14' title="bbox 332 2096 1384 2183; baseline -0.012 -15"><span class='ocrx_word' id='word_1_85' title='bbox 332 2105 444 2169; x_wconf 87' lang='lat' dir='ltr'><strong>stricta</strong></span> <span class='ocrx_word' id='word_1_86' title='bbox 456 2103 608 2167; x_wconf 88' lang='lat' dir='ltr'><strong>machera</strong></span> <span class='ocrx_word' id='word_1_87' title='bbox 627 2100 798 2165; x_wconf 88' lang='lat' dir='ltr'><strong>crudeliter</strong></span> <span class='ocrx_word' id='word_1_88' title='bbox 815 2120 986 2183; x_wconf 90' lang='lat' dir='ltr'><strong>percussus</strong></span> <span class='ocrx_word' id='word_1_89' title='bbox 1008 2111 1040 2161; x_wconf 90' lang='lat' dir='ltr'><strong>et</strong></span> <span class='ocrx_word' id='word_1_90' title='bbox 1061 2096 1241 2163; x_wconf 90' lang='lat' dir='ltr'><strong>rubicundo</strong></span> <span class='ocrx_word' id='word_1_91' title='bbox 1263 2096 1384 2160; x_wconf 88' lang='lat' dir='ltr'><strong>cruoris</strong></span> 
     </span>
     <span class='ocr_line' id='line_1_15' title="bbox 332 2202 1382 2291; baseline -0.008 -19"><span class='ocrx_word' id='word_1_92' title='bbox 332 2209 402 2272; x_wconf 89' lang='lat' dir='ltr'><strong>rivo</strong></span> <span class='ocrx_word' id='word_1_93' title='bbox 423 2207 571 2291; x_wconf 88' lang='lat' dir='ltr'><strong>perfusus</strong></span> <span class='ocrx_word' id='word_1_94' title='bbox 594 2206 740 2269; x_wconf 86' lang='lat' dir='ltr'><strong>foeliciter</strong></span> <span class='ocrx_word' id='word_1_95' title='bbox 757 2205 929 2281; x_wconf 81' lang='lat' dir='ltr'><strong>occubuit3</strong></span> <span class='ocrx_word' id='word_1_96' title='bbox 963 2204 1006 2268; x_wconf 88' lang='lat' dir='ltr'><strong>ad</strong></span> <span class='ocrx_word' id='word_1_97' title='bbox 1032 2226 1167 2289; x_wconf 93' lang='lat' dir='ltr'><strong>quorum</strong></span> <span class='ocrx_word' id='word_1_98' title='bbox 1186 2202 1382 2267; x_wconf 80' lang='lat' dir='ltr'><strong>venerabiles</strong></span> 
     </span>
     <span class='ocr_line' id='line_1_16' title="bbox 332 2305 1382 2392; baseline -0.005 -18"><span class='ocrx_word' id='word_1_99' title='bbox 332 2309 552 2392; x_wconf 84' lang='lat' dir='ltr'><strong>sarcophagos</strong></span> <span class='ocrx_word' id='word_1_100' title='bbox 567 2330 640 2371; x_wconf 90' lang='lat' dir='ltr'><strong>cum</strong></span> <span class='ocrx_word' id='word_1_101' title='bbox 656 2306 768 2371; x_wconf 91' lang='lat' dir='ltr'><strong>decem</strong></span> <span class='ocrx_word' id='word_1_102' title='bbox 783 2308 928 2391; x_wconf 87' lang='lat' dir='ltr'><strong>Leprosi,</strong></span> <span class='ocrx_word' id='word_1_103' title='bbox 944 2329 1025 2392; x_wconf 92' lang='lat' dir='ltr'><strong>quos</strong></span> <span class='ocrx_word' id='word_1_104' title='bbox 1039 2305 1108 2371; x_wconf 88' lang='lat' dir='ltr'><strong>dira</strong></span> <span class='ocrx_word' id='word_1_105' title='bbox 1127 2309 1208 2371; x_wconf 88' lang='lat' dir='ltr'><strong>cutis</strong></span> <span class='ocrx_word' id='word_1_106' title='bbox 1222 2305 1382 2370; x_wconf 89' lang='lat' dir='ltr'><strong>callositas</strong></span> 
     </span>
     <span class='ocr_line' id='line_1_17' title="bbox 331 2406 1382 2495; baseline -0.007 -20"><span class='ocrx_word' id='word_1_107' title='bbox 331 2410 541 2495; x_wconf 89' lang='lat' dir='ltr'><strong>elephantino</strong></span> <span class='ocrx_word' id='word_1_108' title='bbox 562 2410 639 2472; x_wconf 86' lang='lat' dir='ltr'><strong>tabo</strong></span> <span class='ocrx_word' id='word_1_109' title='bbox 661 2406 846 2491; x_wconf 88' lang='lat' dir='ltr'><strong>deturpans,</strong></span> <span class='ocrx_word' id='word_1_110' title='bbox 868 2430 934 2472; x_wconf 90' lang='lat' dir='ltr'><strong>non</strong></span> <span class='ocrx_word' id='word_1_111' title='bbox 957 2408 1183 2493; x_wconf 88' lang='lat' dir='ltr'><strong>particulatim,</strong></span> <span class='ocrx_word' id='word_1_112' title='bbox 1204 2406 1262 2471; x_wconf 89' lang='lat' dir='ltr'><strong>sed</strong></span> <span class='ocrx_word' id='word_1_113' title='bbox 1283 2428 1382 2469; x_wconf 92' lang='lat' dir='ltr'><strong>mem·</strong></span> 
     </span>
     <span class='ocr_line' id='line_1_18' title="bbox 331 2510 1384 2589; baseline -0.008 -8"><span class='ocrx_word' id='word_1_114' title='bbox 331 2515 450 2581; x_wconf 87' lang='lat' dir='ltr'><strong>bratim</strong></span> <span class='ocrx_word' id='word_1_115' title='bbox 468 2514 689 2586; x_wconf 87' lang='lat' dir='ltr'><strong>maculaverat,</strong></span> <span class='ocrx_word' id='word_1_116' title='bbox 710 2513 891 2587; x_wconf 83' lang='lat' dir='ltr'><strong>venissent3</strong></span> <span class='ocrx_word' id='word_1_117' title='bbox 922 2512 1022 2589; x_wconf 89' lang='lat' dir='ltr'><strong>illico,</strong></span> <span class='ocrx_word' id='word_1_118' title='bbox 1038 2511 1188 2575; x_wconf 82' lang='lat' dir='ltr'><strong>secrrndoe</strong></span> <span class='ocrx_word' id='word_1_119' title='bbox 1209 2510 1384 2574; x_wconf 87' lang='lat' dir='ltr'><strong>nativitatis</strong></span> 
     </span>
     <span class='ocr_line' id='line_1_19' title="bbox 332 2614 1385 2703; baseline -0.004 -22"><span class='ocrx_word' id='word_1_120' title='bbox 332 2618 435 2703; x_wconf 87' lang='lat' dir='ltr'><strong>gratia</strong></span> <span class='ocrx_word' id='word_1_121' title='bbox 447 2618 479 2679; x_wconf 90' lang='lat' dir='ltr'><strong>in</strong></span> <span class='ocrx_word' id='word_1_122' title='bbox 496 2615 681 2699; x_wconf 85' lang='lat' dir='ltr'><strong>baptisterio</strong></span> <span class='ocrx_word' id='word_1_123' title='bbox 692 2615 867 2697; x_wconf 87' lang='lat' dir='ltr'><strong>regenerati</strong></span> <span class='ocrx_word' id='word_1_124' title='bbox 882 2615 985 2698; x_wconf 90' lang='lat' dir='ltr'><strong>quiin</strong></span> <span class='ocrx_word' id='word_1_125' title='bbox 1000 2614 1138 2691; x_wconf 90' lang='lat' dir='ltr'><strong>sabanis,</strong></span> <span class='ocrx_word' id='word_1_126' title='bbox 1148 2624 1180 2677; x_wconf 88' lang='lat' dir='ltr'><strong>et</strong></span> <span class='ocrx_word' id='word_1_127' title='bbox 1193 2614 1385 2678; x_wconf 87' lang='lat' dir='ltr'><strong>sindonibus</strong></span> 
     </span>
     <span class='ocr_line' id='line_1_20' title="bbox 331 2716 1383 2807; baseline -0.007 -21"><span class='ocrx_word' id='word_1_128' title='bbox 331 2722 559 2807; x_wconf 86' lang='lat' dir='ltr'><strong>bajulabantur</strong></span> <span class='ocrx_word' id='word_1_129' title='bbox 582 2719 702 2802; x_wconf 80' lang='lat' dir='ltr'><strong>aegroti,</strong></span> <span class='ocrx_word' id='word_1_130' title='bbox 728 2729 912 2782; x_wconf 91' lang='lat' dir='ltr'><strong>sanctorum</strong></span> <span class='ocrx_word' id='word_1_131' title='bbox 942 2718 1063 2781; x_wconf 90' lang='lat' dir='ltr'><strong>meritis</strong></span> <span class='ocrx_word' id='word_1_132' title='bbox 1092 2716 1229 2800; x_wconf 88' lang='lat' dir='ltr'><strong>sospites</strong></span> <span class='ocrx_word' id='word_1_133' title='bbox 1257 2729 1291 2778; x_wconf 87' lang='lat' dir='ltr'><strong>et</strong></span> <span class='ocrx_word' id='word_1_134' title='bbox 1318 2716 1383 2779; x_wconf 91' lang='lat' dir='ltr'><strong>voti</strong></span> 
     </span>
     <span class='ocr_line' id='line_1_21' title="bbox 332 2819 885 2904; baseline -0.014 -15"><span class='ocrx_word' id='word_1_135' title='bbox 332 2832 500 2904; x_wconf 85' lang='lat' dir='ltr'><strong>compotes</strong></span> <span class='ocrx_word' id='word_1_136' title='bbox 514 2821 682 2884; x_wconf 87' lang='lat' dir='ltr'><strong>salubriter</strong></span> <span class='ocrx_word' id='word_1_137' title='bbox 696 2819 885 2884; x_wconf 88' lang='lat' dir='ltr'><strong>abscedunt.</strong></span> 
     </span>
    </p>

    <p class='ocr_par' dir='ltr' id='par_1_5' title="bbox 331 2919 1385 4125">
     <span class='ocr_line' id='line_1_22' title="bbox 376 2919 1385 3005; baseline -0.006 -18"><span class='ocrx_word' id='word_1_138' title='bbox 376 2923 552 2987; x_wconf 86' lang='lat' dir='ltr'><strong>XXXVII.</strong></span> <span class='ocrx_word' id='word_1_139' title='bbox 585 2924 686 2985; x_wconf 87' lang='lat' dir='ltr'><strong>Amos</strong></span> <span class='ocrx_word' id='word_1_140' title='bbox 714 2920 835 3005; x_wconf 91' lang='lat' dir='ltr'><strong>primus</strong></span> <span class='ocrx_word' id='word_1_141' title='bbox 865 2921 978 2984; x_wconf 83' lang='lat' dir='ltr'><strong>Nitriae</strong></span> <span class='ocrx_word' id='word_1_142' title='bbox 1007 2922 1148 2985; x_wconf 89' lang='lat' dir='ltr'><strong>famosus</strong></span> <span class='ocrx_word' id='word_1_143' title='bbox 1176 2920 1297 2998; x_wconf 90' lang='lat' dir='ltr'><strong>accola,</strong></span> <span class='ocrx_word' id='word_1_144' title='bbox 1326 2919 1385 3003; x_wconf 90' lang='lat' dir='ltr'><strong>qui</strong></span> 
     </span>
     <span class='ocr_line' id='line_1_23' title="bbox 333 3021 1383 3108; baseline -0.006 -17"><span class='ocrx_word' id='word_1_145' title='bbox 333 3047 407 3091; x_wconf 93' lang='lat' dir='ltr'><strong>cum</strong></span> <span class='ocrx_word' id='word_1_146' title='bbox 430 3023 651 3108; x_wconf 84' lang='lat' dir='ltr'><strong>aparentibus</strong></span> <span class='ocrx_word' id='word_1_147' title='bbox 668 3022 786 3086; x_wconf 90' lang='lat' dir='ltr'><strong>invitus</strong></span> <span class='ocrx_word' id='word_1_148' title='bbox 805 3021 846 3085; x_wconf 90' lang='lat' dir='ltr'><strong>ad</strong></span> <span class='ocrx_word' id='word_1_149' title='bbox 868 3022 1050 3106; x_wconf 90' lang='lat' dir='ltr'><strong>nuptiarum</strong></span> <span class='ocrx_word' id='word_1_150' title='bbox 1073 3021 1266 3086; x_wconf 88' lang='lat' dir='ltr'><strong>commercia</strong></span> <span class='ocrx_word' id='word_1_151' title='bbox 1287 3042 1383 3101; x_wconf 84' lang='lat' dir='ltr'><strong>coge·</strong></span> 
     </span>
     <span class='ocr_line' id='line_1_24' title="bbox 332 3124 1380 3212; baseline -0.006 -20"><span class='ocrx_word' id='word_1_152' title='bbox 332 3140 428 3205; x_wconf 90' lang='lat' dir='ltr'><strong>retur,</strong></span> <span class='ocrx_word' id='word_1_153' title='bbox 443 3137 596 3190; x_wconf 89' lang='lat' dir='ltr'><strong>ettamen</strong></span> <span class='ocrx_word' id='word_1_154' title='bbox 618 3125 737 3189; x_wconf 89' lang='lat' dir='ltr'><strong>inritus</strong></span> <span class='ocrx_word' id='word_1_155' title='bbox 751 3147 955 3210; x_wconf 89' lang='lat' dir='ltr'><strong>nequaquam</strong></span> <span class='ocrx_word' id='word_1_156' title='bbox 974 3124 1138 3209; x_wconf 74' lang='lat' dir='ltr'><strong>pudicitiae</strong></span> <span class='ocrx_word' id='word_1_157' title='bbox 1156 3127 1265 3212; x_wconf 85' lang='lat' dir='ltr'><strong>palme</strong></span> <span class='ocrx_word' id='word_1_158' title='bbox 1279 3124 1380 3208; x_wconf 89' lang='lat' dir='ltr'><strong>priva·</strong></span> 
     </span>
     <span class='ocr_line' id='line_1_25' title="bbox 332 3227 1384 3311; baseline -0.008 -17"><span class='ocrx_word' id='word_1_159' title='bbox 332 3241 429 3306; x_wconf 88' lang='lat' dir='ltr'><strong>retur,</strong></span> <span class='ocrx_word' id='word_1_160' title='bbox 450 3228 553 3310; x_wconf 84' lang='lat' dir='ltr'><strong>magis</strong></span> <span class='ocrx_word' id='word_1_161' title='bbox 572 3227 738 3311; x_wconf 88' lang='lat' dir='ltr'><strong>magisque</strong></span> <span class='ocrx_word' id='word_1_162' title='bbox 758 3227 854 3290; x_wconf 90' lang='lat' dir='ltr'><strong>invisi</strong></span> <span class='ocrx_word' id='word_1_163' title='bbox 874 3228 1014 3290; x_wconf 89' lang='lat' dir='ltr'><strong>oblatam</strong></span> <span class='ocrx_word' id='word_1_164' title='bbox 1035 3227 1234 3291; x_wconf 85' lang='lat' dir='ltr'><strong>Matrimonii</strong></span> <span class='ocrx_word' id='word_1_165' title='bbox 1256 3232 1384 3301; x_wconf 84' lang='lat' dir='ltr'><strong>sortem,</strong></span> 
     </span>
     <span class='ocr_line' id='line_1_26' title="bbox 333 3325 1383 3414; baseline -0.011 -15"><span class='ocrx_word' id='word_1_166' title='bbox 333 3355 373 3398; x_wconf 88' lang='lat' dir='ltr'><strong>ac</strong></span> <span class='ocrx_word' id='word_1_167' title='bbox 404 3333 431 3395; x_wconf 87' lang='lat' dir='ltr'><strong>si</strong></span> <span class='ocrx_word' id='word_1_168' title='bbox 460 3330 648 3414; x_wconf 87' lang='lat' dir='ltr'><strong>squallentis</strong></span> <span class='ocrx_word' id='word_1_169' title='bbox 677 3328 763 3392; x_wconf 85' lang='lat' dir='ltr'><strong>cmni</strong></span> <span class='ocrx_word' id='word_1_170' title='bbox 792 3329 940 3410; x_wconf 83' lang='lat' dir='ltr'><strong>contagia</strong></span> <span class='ocrx_word' id='word_1_171' title='bbox 970 3330 1020 3392; x_wconf 87' lang='lat' dir='ltr'><strong>vel</strong></span> <span class='ocrx_word' id='word_1_172' title='bbox 1045 3340 1234 3391; x_wconf 79' lang='lat' dir='ltr'><strong>venenatum</strong></span> <span class='ocrx_word' id='word_1_173' title='bbox 1261 3325 1383 3409; x_wconf 86' lang='lat' dir='ltr'><strong>aspidis</strong></span> 
     </span>
     <span class='ocr_line' id='line_1_27' title="bbox 332 3426 1384 3512; baseline -0.009 -15"><span class='ocrx_word' id='word_1_174' title='bbox 332 3453 476 3497; x_wconf 89' lang='lat' dir='ltr'><strong>morsum</strong></span> <span class='ocrx_word' id='word_1_175' title='bbox 495 3429 718 3512; x_wconf 77' lang='lat' dir='ltr'><strong>refragabatur.</strong></span> <span class='ocrx_word' id='word_1_176' title='bbox 764 3429 830 3492; x_wconf 92' lang='lat' dir='ltr'><strong>Hic</strong></span> <span class='ocrx_word' id='word_1_177' title='bbox 850 3450 924 3510; x_wconf 90' lang='lat' dir='ltr'><strong>crgo</strong></span> <span class='ocrx_word' id='word_1_178' title='bbox 940 3431 1040 3493; x_wconf 84' lang='lat' dir='ltr'><strong>Amos</strong></span> <span class='ocrx_word' id='word_1_179' title='bbox 1061 3449 1215 3510; x_wconf 85' lang='lat' dir='ltr'><strong>generosa</strong></span> <span class='ocrx_word' id='word_1_180' title='bbox 1233 3426 1384 3512; x_wconf 86' lang='lat' dir='ltr'><strong>prosapia</strong></span> 
     </span>
     <span class='ocr_line' id='line_1_28' title="bbox 332 3528 1384 3614; baseline -0.009 -17"><span class='ocrx_word' id='word_1_181' title='bbox 332 3531 489 3598; x_wconf 89' lang='lat' dir='ltr'><strong>oriundus</strong></span> <span class='ocrx_word' id='word_1_182' title='bbox 524 3531 595 3608; x_wconf 85' lang='lat' dir='ltr'><strong>suit,</strong></span> <span class='ocrx_word' id='word_1_183' title='bbox 630 3531 685 3614; x_wconf 86' lang='lat' dir='ltr'><strong>qui</strong></span> <span class='ocrx_word' id='word_1_184' title='bbox 722 3529 925 3614; x_wconf 82' lang='lat' dir='ltr'><strong>praepollenti</strong></span> <span class='ocrx_word' id='word_1_185' title='bbox 962 3551 1111 3611; x_wconf 87' lang='lat' dir='ltr'><strong>gazarum</strong></span> <span class='ocrx_word' id='word_1_186' title='bbox 1149 3528 1322 3604; x_wconf 89' lang='lat' dir='ltr'><strong>affluentia,</strong></span> <span class='ocrx_word' id='word_1_187' title='bbox 1351 3535 1384 3589; x_wconf 90' lang='lat' dir='ltr'><strong>et</strong></span> 
     </span>
     <span class='ocr_line' id='line_1_29' title="bbox 332 3627 1384 3719; baseline -0.01 -19"><span class='ocrx_word' id='word_1_188' title='bbox 332 3645 523 3719; x_wconf 89' lang='lat' dir='ltr'><strong>sumptuosa</strong></span> <span class='ocrx_word' id='word_1_189' title='bbox 543 3633 725 3717; x_wconf 87' lang='lat' dir='ltr'><strong>patrimonii</strong></span> <span class='ocrx_word' id='word_1_190' title='bbox 744 3632 918 3714; x_wconf 86' lang='lat' dir='ltr'><strong>opulentia,</strong></span> <span class='ocrx_word' id='word_1_191' title='bbox 938 3630 1027 3714; x_wconf 90' lang='lat' dir='ltr'><strong>apud</strong></span> <span class='ocrx_word' id='word_1_192' title='bbox 1048 3633 1225 3714; x_wconf 84' lang='lat' dir='ltr'><strong>AEgyptum</strong></span> <span class='ocrx_word' id='word_1_193' title='bbox 1247 3627 1384 3692; x_wconf 88' lang='lat' dir='ltr'><strong>celebris</strong></span> 
     </span>
     <span class='ocr_line' id='line_1_30' title="bbox 331 3730 1382 3820; baseline -0.01 -18"><span class='ocrx_word' id='word_1_194' title='bbox 331 3737 519 3802; x_wconf 87' lang='lat' dir='ltr'><strong>habebatur.</strong></span> <span class='ocrx_word' id='word_1_195' title='bbox 565 3735 672 3820; x_wconf 90' lang='lat' dir='ltr'><strong>Hujus</strong></span> <span class='ocrx_word' id='word_1_196' title='bbox 692 3755 768 3816; x_wconf 89' lang='lat' dir='ltr'><strong>ergo</strong></span> <span class='ocrx_word' id='word_1_197' title='bbox 793 3744 943 3816; x_wconf 89' lang='lat' dir='ltr'><strong>parentes</strong></span> <span class='ocrx_word' id='word_1_198' title='bbox 961 3732 1212 3796; x_wconf 88' lang='lat' dir='ltr'><strong>amantissimam</strong></span> <span class='ocrx_word' id='word_1_199' title='bbox 1237 3730 1382 3793; x_wconf 88' lang='lat' dir='ltr'><strong>sobolem</strong></span> 
     </span>
     <span class='ocr_line' id='line_1_31' title="bbox 333 3833 1383 3920; baseline -0.006 -16"><span class='ocrx_word' id='word_1_200' title='bbox 333 3859 409 3904; x_wconf 93' lang='lat' dir='ltr'><strong>cum</strong></span> <span class='ocrx_word' id='word_1_201' title='bbox 432 3836 583 3913; x_wconf 87' lang='lat' dir='ltr'><strong>adultam,</strong></span> <span class='ocrx_word' id='word_1_202' title='bbox 608 3848 640 3899; x_wconf 89' lang='lat' dir='ltr'><strong>et</strong></span> <span class='ocrx_word' id='word_1_203' title='bbox 663 3835 733 3920; x_wconf 92' lang='lat' dir='ltr'><strong>jam</strong></span> <span class='ocrx_word' id='word_1_204' title='bbox 758 3836 990 3920; x_wconf 89' lang='lat' dir='ltr'><strong>pubescentem</strong></span> <span class='ocrx_word' id='word_1_205' title='bbox 1010 3835 1044 3897; x_wconf 91' lang='lat' dir='ltr'><strong>in</strong></span> <span class='ocrx_word' id='word_1_206' title='bbox 1067 3835 1162 3898; x_wconf 90' lang='lat' dir='ltr'><strong>annis</strong></span> <span class='ocrx_word' id='word_1_207' title='bbox 1185 3833 1383 3919; x_wconf 89' lang='lat' dir='ltr'><strong>juvenilibus</strong></span> 
     </span>
     <span class='ocr_line' id='line_1_32' title="bbox 333 3934 1382 4024; baseline -0.003 -22"><span class='ocrx_word' id='word_1_208' title='bbox 333 3937 619 4024; x_wconf 83' lang='lat' dir='ltr'><strong>deprehenderent,</strong></span> <span class='ocrx_word' id='word_1_209' title='bbox 634 3938 726 4022; x_wconf 90' lang='lat' dir='ltr'><strong>quasi</strong></span> <span class='ocrx_word' id='word_1_210' title='bbox 746 3949 899 4002; x_wconf 73' lang='lat' dir='ltr'><strong>secuturae</strong></span> <span class='ocrx_word' id='word_1_211' title='bbox 917 3937 1096 4020; x_wconf 87' lang='lat' dir='ltr'><strong>posteritati</strong></span> <span class='ocrx_word' id='word_1_212' title='bbox 1110 3939 1326 4017; x_wconf 86' lang='lat' dir='ltr'><strong>consulentes,</strong></span> <span class='ocrx_word' id='word_1_213' title='bbox 1340 3934 1382 4000; x_wconf 91' lang='lat' dir='ltr'><strong>ad</strong></span> 
     </span>
     <span class='ocr_line' id='line_1_33' title="bbox 333 4039 1383 4125; baseline -0.002 -19"><span class='ocrx_word' id='word_1_214' title='bbox 333 4041 496 4125; x_wconf 90' lang='lat' dir='ltr'><strong>nuptiales</strong></span> <span class='ocrx_word' id='word_1_215' title='bbox 514 4040 664 4105; x_wconf 90' lang='lat' dir='ltr'><strong>Thalami</strong></span> <span class='ocrx_word' id='word_1_216' title='bbox 687 4041 832 4124; x_wconf 89' lang='lat' dir='ltr'><strong>copulas,</strong></span> <span class='ocrx_word' id='word_1_217' title='bbox 850 4040 926 4104; x_wconf 89' lang='lat' dir='ltr'><strong>licet</strong></span> <span class='ocrx_word' id='word_1_218' title='bbox 950 4059 1143 4122; x_wconf 86' lang='lat' dir='ltr'><strong>magnopere</strong></span> <span class='ocrx_word' id='word_1_219' title='bbox 1161 4039 1383 4120; x_wconf 80' lang='lat' dir='ltr'><strong>refragantem,</strong></span> 
     </span>
    </p>
   </div>
   <div class='ocr_carea' id='block_1_5' title="bbox 219 4141 1382 4228">
    <p class='ocr_par' dir='ltr' id='par_1_6' title="bbox 219 4141 1382 4228">
     <span class='ocr_line' id='line_1_34' title="bbox 219 4141 1382 4228; baseline -0.001 -21"><span class='ocrx_word' id='word_1_220' title='bbox 219 4219 226 4228; x_wconf 43' lang='grc'>,</span> <span class='ocrx_word' id='word_1_221' title='bbox 333 4145 490 4207; x_wconf 84' lang='lat' dir='ltr'><strong>inritant:</strong></span> <span class='ocrx_word' id='word_1_222' title='bbox 528 4143 671 4215; x_wconf 88' lang='lat' dir='ltr'><strong>Quorum</strong></span> <span class='ocrx_word' id='word_1_223' title='bbox 701 4143 892 4207; x_wconf 86' lang='lat' dir='ltr'><strong>obstinatam</strong></span> <span class='ocrx_word' id='word_1_224' title='bbox 927 4141 1202 4226; x_wconf 89' lang='lat' dir='ltr'><strong>importunitatem</strong></span> <span class='ocrx_word' id='word_1_225' title='bbox 1230 4163 1304 4206; x_wconf 90' lang='lat' dir='ltr'><strong>cnm</strong></span> <span class='ocrx_word' id='word_1_226' title='bbox 1333 4163 1382 4206; x_wconf 91' lang='lat' dir='ltr'><strong>re·</strong></span> 
     </span>
    </p>
   </div>
   <div class='ocr_carea' id='block_1_6' title="bbox 332 4245 1383 4717">
    <p class='ocr_par' dir='ltr' id='par_1_7' title="bbox 334 4245 1381 4332">
     <span class='ocr_line' id='line_1_35' title="bbox 334 4245 1381 4332; baseline 0.002 -20"><span class='ocrx_word' id='word_1_227' title='bbox 334 4245 468 4312; x_wconf 88' lang='lat' dir='ltr'><strong>futandc</strong></span> <span class='ocrx_word' id='word_1_228' title='bbox 498 4247 638 4312; x_wconf 75' lang='lat' dir='ltr'><strong>hustrari</strong></span> <span class='ocrx_word' id='word_1_229' title='bbox 659 4269 726 4314; x_wconf 91' lang='lat' dir='ltr'><strong>non</strong></span> <span class='ocrx_word' id='word_1_230' title='bbox 755 4259 875 4332; x_wconf 89' lang='lat' dir='ltr'><strong>posset,</strong></span> <span class='ocrx_word' id='word_1_231' title='bbox 898 4250 1046 4313; x_wconf 89' lang='lat' dir='ltr'><strong>simulata</strong></span> <span class='ocrx_word' id='word_1_232' title='bbox 1067 4248 1265 4313; x_wconf 88' lang='lat' dir='ltr'><strong>Matrimonii</strong></span> <span class='ocrx_word' id='word_1_233' title='bbox 1293 4249 1381 4314; x_wconf 90' lang='lat' dir='ltr'><strong>cohi·</strong></span> 
     </span>
    </p>

    <p class='ocr_par' dir='ltr' id='par_1_8' title="bbox 333 4349 1383 4432">
     <span class='ocr_line' id='line_1_36' title="bbox 333 4349 1383 4432; baseline 0.004 -18"><span class='ocrx_word' id='word_1_234' title='bbox 333 4349 456 4427; x_wconf 85' lang='lat' dir='ltr'><strong>bentia,</strong></span> <span class='ocrx_word' id='word_1_235' title='bbox 481 4349 601 4414; x_wconf 91' lang='lat' dir='ltr'><strong>invitus</strong></span> <span class='ocrx_word' id='word_1_236' title='bbox 630 4350 750 4414; x_wconf 90' lang='lat' dir='ltr'><strong>annulo</strong></span> <span class='ocrx_word' id='word_1_237' title='bbox 775 4351 969 4415; x_wconf 84' lang='lat' dir='ltr'><strong>subarratam</strong></span> <span class='ocrx_word' id='word_1_238' title='bbox 998 4350 1126 4414; x_wconf 87' lang='lat' dir='ltr'><strong>sortitur</strong></span> <span class='ocrx_word' id='word_1_239' title='bbox 1150 4350 1383 4432; x_wconf 83' lang='lat' dir='ltr'><strong>virgunculam,</strong></span> 
     </span>
    </p>

    <p class='ocr_par' dir='ltr' id='par_1_9' title="bbox 333 4451 1382 4536">
     <span class='ocr_line' id='line_1_37' title="bbox 333 4451 1382 4536; baseline 0.005 -22"><span class='ocrx_word' id='word_1_240' title='bbox 333 4472 433 4536; x_wconf 91' lang='lat' dir='ltr'><strong>quarn</strong></span> <span class='ocrx_word' id='word_1_241' title='bbox 447 4452 481 4514; x_wconf 92' lang='lat' dir='ltr'><strong>in</strong></span> <span class='ocrx_word' id='word_1_242' title='bbox 497 4453 643 4516; x_wconf 86' lang='lat' dir='ltr'><strong>abstruso</strong></span> <span class='ocrx_word' id='word_1_243' title='bbox 658 4451 806 4516; x_wconf 76' lang='lat' dir='ltr'><strong>Thalami</strong></span> <span class='ocrx_word' id='word_1_244' title='bbox 823 4452 975 4516; x_wconf 90' lang='lat' dir='ltr'><strong>cubiculo</strong></span> <span class='ocrx_word' id='word_1_245' title='bbox 994 4451 1201 4516; x_wconf 86' lang='lat' dir='ltr'><strong>clandestinis</strong></span> <span class='ocrx_word' id='word_1_246' title='bbox 1215 4455 1382 4519; x_wconf 86' lang='lat' dir='ltr'><strong>verborum</strong></span> 
     </span>
    </p>

    <p class='ocr_par' dir='ltr' id='par_1_10' title="bbox 332 4550 1383 4717">
     <span class='ocr_line' id='line_1_38' title="bbox 332 4550 1383 4641; baseline 0 -25"><span class='ocrx_word' id='word_1_247' title='bbox 332 4551 546 4616; x_wconf 87' lang='lat' dir='ltr'><strong>hortamentis</strong></span> <span class='ocrx_word' id='word_1_248' title='bbox 572 4550 613 4614; x_wconf 86' lang='lat' dir='ltr'><strong>sd</strong></span> <span class='ocrx_word' id='word_1_249' title='bbox 639 4551 803 4636; x_wconf 76' lang='lat' dir='ltr'><strong>pudicitia</strong></span> <span class='ocrx_word' id='word_1_250' title='bbox 825 4554 956 4638; x_wconf 85' lang='lat' dir='ltr'><strong>praemia</strong></span> <span class='ocrx_word' id='word_1_251' title='bbox 977 4553 1168 4638; x_wconf 86' lang='lat' dir='ltr'><strong>persuadet;</strong></span> <span class='ocrx_word' id='word_1_252' title='bbox 1199 4555 1293 4641; x_wconf 84' lang='lat' dir='ltr'><strong>cujus</strong></span> <span class='ocrx_word' id='word_1_253' title='bbox 1313 4575 1383 4638; x_wconf 88' lang='lat' dir='ltr'><strong>pre·</strong></span> 
     </span>
     <span class='ocr_line' id='line_1_39' title="bbox 874 4671 895 4717; baseline 0 0"><span class='ocrx_word' id='word_1_254' title='bbox 874 4671 895 4717; x_wconf 86' lang='lat' dir='ltr'><strong>tt</strong></span> 
     </span>
    </p>
   </div>
   <div class='ocr_carea' id='block_1_7' title="bbox 0 0 1884 5425">
    <p class='ocr_par' dir='ltr' id='par_1_11' title="bbox 0 0 1884 5425">
     <span class='ocr_line' id='line_1_40' title="bbox 0 0 1884 5425; baseline 0 0"><span class='ocrx_word' id='word_1_255' title='bbox 0 0 1884 5425; x_wconf 95' lang='lat' dir='ltr'><strong> </strong></span> 
     </span>
    </p>
   </div>
  </div>
 </body>
</html>
