3759 5425
666 722 709 766 nn
725 721 1139 767 montuosvrnorurrarrs.
1384 709 1423 768 tl

367 874 513 958 magistri
528 873 629 938 fretus
644 877 760 939 melote
775 875 931 940 inormem
945 878 967 940 J
968 875 1098 940 ordanis
1112 876 1271 958 gurgitem
1287 876 1426 951 diremit,

368 977 509 1059 puberes
533 997 609 1039 cum
632 978 809 1057 gannitura
835 976 974 1041 ludibrio
998 977 1063 1040 vati
1087 978 1278 1042 insultantes
1302 977 1424 1043 rabidis

369 1081 489 1143 ursinae
504 1081 570 1143 sero
584 1080 693 1143 citatis
707 1081 841 1166 rictibus
860 1079 1002 1158 tradidit,
1019 1079 1167 1144 cadaveri
1182 1081 1298 1165 gelide
1313 1080 1424 1144 mortis

370 1182 803 1260 faucibussuffocato,etiam
819 1184 888 1268 ipse
899 1183 988 1248 letho
1004 1184 1128 1266 sopitus
1139 1185 1266 1246 vitalem
1283 1183 1424 1247 reddidit

366 1283 528 1366 spiritum.

414 1386 468 1447 Eu
489 1395 620 1447 sanctus
635 1383 815 1446 Hieremias
836 1381 878 1447 ad
898 1384 1084 1468 exemplum
1099 1384 1261 1466 virginalis
1280 1385 1421 1448 materiae

365 1487 402 1548 in
425 1486 598 1569 propatulo
618 1485 713 1548 nobis
735 1485 883 1562 occurrit,
904 1487 961 1568 qui
985 1496 1158 1569 antequam
1173 1486 1324 1549 maternis
1344 1483 1420 1548 ede-

368 1598 455 1650 retur
479 1587 646 1670 partubus,
664 1588 759 1651 beata
777 1586 1057 1670 praedestinatione
1080 1589 1222 1651 Domino
1240 1588 1367 1652 dicatur
1388 1600 1422 1652 et

368 1689 411 1751 ab
440 1688 513 1772 ipsa
540 1689 611 1752 rudi
641 1689 871 1752 cunabulorum
901 1689 1123 1768 teneritudine,
1145 1691 1317 1771 uirginitati
1341 1711 1418 1753 con·

367 1801 523 1868 secratur,
539 1789 580 1854 de
600 1812 665 1874 quo
681 1791 803 1854 Divina
821 1792 1002 1874 promulgat
1022 1793 1197 1854 sententiar
1236 1795 1417 1876 Antequam

362 1893 557 1974 procederes
577 1892 618 1954 de
633 1895 739 1968 vulco,
752 1893 959 1973 sanctrflcaui
979 1900 1021 1969 te,
1036 1892 1172 1975 pulchro
1193 1891 1343 1955 videlicet
1357 1894 1417 1956 rir-

366 1993 514 2076 ginitatis
529 1994 694 2078 praesagio,
709 1994 737 2056 is
759 1993 903 2077 inquom,
918 2004 1074 2078 quantum
1095 1993 1298 2076 Propheticae
1314 1994 1418 2078 digni·

365 2097 443 2159 tatis
458 2097 562 2180 gratia
583 2095 742 2174 enituerit,
756 2098 889 2174 fulserit,
909 2096 1068 2159 floruerit:
1107 2097 1187 2168 Quis
1208 2099 1332 2160 urbana
1350 2118 1418 2161 ver-

364 2199 481 2261 borum
496 2197 650 2261 facundia
662 2200 760 2262 frctus
775 2219 919 2262 enarrare
934 2197 1093 2262 sufficiat?

411 2301 505 2363 xxl.
529 2301 649 2364 Daniel
664 2321 738 2363 vero
758 2322 902 2384 praesago
919 2302 1062 2364 nominis
1082 2302 1241 2364 vocabulo
1257 2300 1417 2384 judicium

367 2400 432 2464 Dei
447 2403 490 2465 ob
505 2400 693 2483 indaganda
715 2413 908 2466 secretorum
924 2423 1049 2481 arcana,
1065 2404 1105 2466 ab
1122 2403 1316 2482 archangelo
1331 2423 1417 2485 saepe

366 2502 416 2565 vir
436 2501 667 2566 desideriorum
686 2503 853 2578 vocitatus,
872 2525 975 2588 usque
995 2525 1175 2588 supremam
1198 2505 1323 2583 fugacis
1344 2504 1417 2566 vitas

364 2605 543 2668 clausulam
559 2603 771 2685 gratissimum
791 2615 978 2687 spontaneos
993 2603 1185 2683 virginitatis
1199 2624 1317 2664 manus
1332 2605 1419 2667 velut

365 2707 535 2790 fragrantis
548 2706 675 2770 incensi
690 2706 871 2771 Thimiama
888 2707 971 2793 parti
991 2704 1160 2789 spirituum
1178 2705 1342 2767 ultroneus
1357 2706 1414 2768 ob·

365 2809 476 2871 tulisse
492 2818 693 2871 memoratur.
739 2809 774 2871 Is
796 2807 934 2892 denique
956 2807 1102 2870 nondum
1122 2807 1291 2887 clangente
1306 2807 1414 2869 Eran-

365 2914 469 2993 gelica
483 2912 634 2989 buccina,
649 2912 707 2994 qui
715 2919 822 2991 potest
837 2932 955 2991 capere
968 2912 1105 2992 capiat:
1134 2910 1292 2973 Immonis
1306 2921 1413 2973 tamen

361 3016 405 3077 ab
422 3014 510 3075 omni
527 3012 683 3095 spurcitia
699 3013 818 3075 carnali
841 3024 874 3074 et
888 3032 1020 3074 securus
1040 3011 1081 3073 ab
1103 3011 1323 3073 illecebrarum
1347 3011 1415 3074 cul·

363 3110 453 3175 ludio
476 3109 706 3194 pudicissimus
734 3111 879 3173 extitisse
905 3108 1029 3192 liquido
1054 3109 1253 3186 declaratur3
1282 3112 1335 3174 cui
1356 3134 1415 3195 pro

362 3212 584 3277 vicissitudine
602 3212 756 3275 castitatis
778 3210 980 3296 repensanda
994 3233 1060 3296 prae
1082 3214 1206 3276 caeteris
1228 3215 1414 3278 mortalibus

361 3315 476 3378 abdita
504 3322 676 3395 patescunt
712 3324 745 3375 et
774 3311 919 3395 mysticis
955 3326 1224 3376 sacramentorum
1254 3316 1415 3397 operculis

362 3419 474 3481 clausa
496 3415 627 3479 coelitus
651 3426 837 3479 reserantur.
882 3414 963 3487 Quis
983 3415 1068 3478 enim
1089 3416 1320 3499 Prophetamm
1340 3438 1413 3479 ven-

360 3528 432 3583 tura
457 3516 712 3591 vaticinantium,
735 3537 872 3598 quorum
898 3526 1022 3579 mentes
1048 3518 1184 3597 gratuita
1210 3518 1414 3580 Sacrosancti

361 3622 457 3683 flatus
482 3618 585 3700 gratia
613 3614 769 3700 inspirans
798 3618 950 3699 praesagis
975 3618 1124 3680 virtutum
1153 3618 1341 3679 muneribus
1366 3619 1412 3679 as·

290 3704 293 3710 ¹
361 3722 498 3785 fluenter
527 3718 745 3797 soeeundabat,
773 3719 903 3782 uberius
931 3731 964 3781 et
992 3720 1192 3781 manifestius
1222 3718 1262 3779 de
1293 3719 1413 3784 Divina
1493 3732 1499 3739 '

360 3822 582 3886 incarnatione
591 3822 790 3884 oraculorum
802 3821 913 3883 seriem
922 3821 1065 3884 texuisse
1077 3819 1267 3883 dinoscitur:
1292 3821 1413 3883 Decies

357 3946 501 4009 namque
514 3922 658 4008 septenis
670 3943 823 3986 annorum
831 3920 1091 3984 hebdomadibus
1100 3942 1164 4005 quo
1176 3922 1411 4004 supputationis

358 4027 515 4089 laterculo
545 4044 679 4087 numero
708 4023 888 4088 CCCCXC
919 4023 995 4086 anni
1023 4024 1233 4100 calculantur,
1260 4026 1410 4088 salvatrix

358 4126 490 4211 superni
519 4124 616 4188 ducis
651 4125 797 4189 nativitas
825 4124 1055 4208 praefiguratur.
1117 4125 1245 4208 Quique
1275 4138 1411 4190 statuam

356 4242 516 4313 quaterno
532 4226 731 4290 metallorum
743 4248 858 4307 genere
872 4225 1078 4289 fabrefactam
1091 4225 1223 4288 totidem
1239 4249 1411 4307 regnorum

354 4333 478 4395 saecula
494 4331 687 4412 signantem,
697 4328 842 4409 angulari
857 4326 993 4390 duorum
1009 4326 1286 4390 Testamentorum
1301 4327 1410 4412 lapide

354 4434 399 4497 de
418 4434 514 4498 collis
534 4432 711 4505 cacumine,
733 4431 801 4493 sine
822 4430 880 4493 viri
903 4430 987 4501 vola,
1002 4428 1063 4490 boc
1086 4439 1144 4505 est,
1165 4431 1300 4492 maritali
1322 4452 1408 4493 com·

352 4536 467 4617 plexu,
477 4532 608 4597 absciso
618 4532 798 4595 minutatim
809 4552 846 4594 ao
859 4529 1057 4593 membratim
1070 4531 1203 4612 exponit
1215 4549 1406 4613 percussam.
