3759 5425
482 679 525 738 44
838 695 866 738 s.
881 693 1057 740 sconsum
1074 695 1177 740 usas

483 843 612 910 Deinde
642 844 774 930 quidam
805 845 846 910 de
875 848 1110 911 contribulibus
1138 847 1307 910 hortantur
1335 855 1470 930 patrem,
1498 859 1536 910 ut

482 947 569 1011 lilius
597 947 727 1012 blandis
749 949 904 1012 connubii
926 949 1067 1013 nexibus
1088 948 1271 1028 nodaretur,
1292 959 1325 1012 et
1346 949 1535 1012 illecebroso

481 1049 676 1113 matrimonii
703 1050 866 1114 lenocinio
890 1050 1090 1128 vinceretur;
1120 1061 1281 1135 quatenus
1311 1052 1413 1115 Daris
1433 1051 1535 1133 Virgo

482 1152 621 1215 Vestalis
640 1151 717 1215 satis
734 1152 878 1236 pulchra,
894 1163 926 1216 et
946 1153 1086 1234 eleganti
1106 1151 1218 1232 lor-ma,
1233 1153 1368 1234 gemmis
1389 1173 1534 1234 auroque

480 1253 610 1317 radians
623 1253 666 1316 ad
681 1253 887 1318 Chrisantum
901 1253 1083 1336 procaciter
1100 1253 1329 1334 ingrederetur,
1345 1262 1381 1315 ut
1399 1252 1534 1315 militam

482 1355 601 1421 Christi
623 1365 690 1418 tam
716 1357 837 1420 urbana
857 1356 1029 1419 verborum
1056 1354 1220 1432 facundia,
1242 1375 1339 1438 quam
1368 1353 1534 1437 phalerata

479 1459 555 1523 colli
586 1458 772 1540 crepundia,
801 1457 842 1522 ad
871 1457 1004 1522 thalami
1034 1459 1182 1542 copulam
1212 1457 1412 1521 inclinarent.
1467 1457 1535 1520 Sed

480 1584 574 1628 secus
590 1562 686 1626 cessit
700 1582 797 1645 quam
813 1561 870 1624 rati
886 1569 977 1624 sunt:
1010 1560 1119 1624 Oritur
1132 1581 1273 1643 namque
1287 1560 1369 1623 inter
1383 1582 1439 1624 eos
1455 1561 1534 1625 satis

480 1666 607 1749 prolixa
630 1683 810 1726 sermonum
833 1663 1041 1741 concertatio,
1060 1672 1094 1726 et
1113 1664 1277 1747 reciproca
1303 1662 1534 1727 sententiarum

480 1765 674 1850 disputatio;
707 1785 746 1827 eo
767 1762 854 1847 quod
874 1765 976 1827 Daria
1002 1764 1180 1828 dialecticis
1200 1765 1322 1828 artibus
1341 1764 1476 1840 imbuta,
1498 1778 1533 1830 et

479 1867 633 1952 captiosis
654 1864 834 1950 syllogismi
855 1865 1119 1929 conclusionibus
1149 1867 1303 1929 instructa
1325 1865 1423 1928 irrisae
1450 1867 1532 1930 fere·

478 1973 591 2035 batur:
631 1969 683 2032 Ita
708 1967 877 2044 duntaxat,
895 1976 932 2029 ut
957 1966 1156 2030 disertissimi
1180 1975 1320 2031 oratores
1341 1976 1405 2030 tam
1428 1988 1532 2047 sagax

479 2073 623 2156 Virginis
651 2070 816 2152 ingenium
842 2071 964 2133 alterno
994 2070 1133 2154 experiri
1155 2071 1311 2134 conflictu
1339 2082 1531 2137 vererentur.

477 2175 568 2250 Quid
586 2176 689 2258 plura,
703 2172 835 2236 tandem
850 2173 897 2235 vir
910 2173 984 2235 vitae
998 2173 1190 2236 venerabilis
1211 2194 1276 2236 non
1297 2170 1415 2236 fiaudis
1435 2194 1531 2254 argu-

478 2288 598 2356 mento,
620 2274 676 2338 scd
697 2272 832 2337 rationis
855 2272 1050 2337 documento
1072 2275 1106 2337 in
1128 2273 1302 2358 reciprocis
1323 2274 1532 2340 conflictibus

477 2380 619 2444 victorias
648 2377 788 2460 palmam
817 2375 967 2458 adeptus,
989 2375 1126 2440 eundem
1156 2377 1286 2440 Dariam
1313 2376 1383 2460 jam
1406 2376 1529 2441 Catho-

477 2482 548 2545 licae
585 2477 662 2542 fidei
697 2478 904 2542 Sacramenta
941 2476 1124 2540 credentem
1161 2477 1351 2560 suscipiens,
1380 2477 1531 2541 simulato

477 2581 628 2667 hymenei
641 2579 833 2644 commercio
848 2579 945 2642 simul
960 2588 1173 2656 conversatur,
1188 2577 1292 2641 donec
1307 2578 1377 2661 ipsa
1392 2578 1532 2642 salubris

476 2683 596 2749 lavacri
614 2681 711 2746 latice
733 2681 894 2745 lustratur.
939 2679 1024 2743 Mox
1049 2679 1172 2743 relictis
1195 2677 1435 2743 dialecticorum
1463 2677 1528 2742 dis·

476 2786 618 2869 cipliniS,
636 2784 756 2867 quibus
778 2782 901 2846 dudum
922 2781 958 2844 in
981 2781 1158 2864 gymnasiis
1179 2780 1285 2845 studio
1307 2782 1530 2859 exercebatur,

476 2886 653 2953 Canonicis
672 2884 855 2968 Scripturis,
870 2894 902 2945 et
923 2882 1115 2946 commentis
1137 2882 1334 2966 spiritalibus
1352 2880 1530 2960 instruitur,

476 3009 536 3052 nec
549 2985 705 3049 laterculo
724 2982 928 3059 dinumerari,
942 3003 1003 3046 nec
1025 2983 1152 3046 calculo
1169 2982 1347 3065 computari
1366 2983 1530 3047 ullatenus

476 3086 570 3163 valet,
593 3094 715 3166 quanta
742 3080 913 3144 multitudo
944 3080 1118 3163 promiscui
1143 3102 1241 3145 sexus
1269 3083 1396 3147 illorum
1426 3085 1528 3167 magi·

475 3188 571 3253 sterio
586 3208 605 3250 a
619 3186 759 3249 fanatica
773 3184 977 3247 delubromm
991 3184 1215 3268 superstitione
1230 3185 1271 3249 ad
1291 3185 1390 3250 fidem
1406 3186 1527 3251 Catho-

474 3291 571 3353 licam
601 3286 786 3351 catervatim
816 3286 1020 3349 confluxerit.
1075 3286 1185 3370 Hujus
1213 3288 1259 3350 rei
1282 3287 1383 3369 gratia
1411 3289 1528 3354 beatus

476 3390 676 3474 chrysantus
706 3386 842 3472 jubente
880 3385 1019 3449 Claudio
1055 3386 1202 3450 Tribuno
1239 3388 1333 3451 LXX
1369 3390 1527 3453 militibus

474 3492 600 3556 diverso
622 3509 790 3574 poenarum
812 3487 955 3551 curciatu
976 3486 1176 3569 torquendus
1198 3487 1342 3566 traditur,
1363 3489 1426 3552 nisi
1449 3491 1525 3553 Am-

473 3591 711 3679 phitrioniadae,
722 3588 756 3652 id
772 3598 830 3669 est,
842 3588 995 3652 Herculis
1009 3589 1128 3652 sacello
1143 3589 1360 3653 Ethnicorum
1374 3592 1437 3654 ritu
1452 3592 1524 3655 thu·

472 3697 597 3760 rificare
620 3691 823 3769 consentiret,
844 3704 922 3753 tunc
944 3689 1064 3752 milites
1085 3689 1292 3772 pertinaciter
1312 3691 1523 3775 refragantem

471 3798 556 3876 udis,
576 3808 608 3859 et
627 3792 734 3859 crudis
755 3811 924 3857 nervorum
942 3788 1084 3853 nexibus
1101 3789 1271 3854 crudeliter
1292 3792 1455 3868 vinciunt;
1489 3804 1525 3857 ut

472 3898 507 3960 in
536 3895 657 3959 torrido
683 3894 760 3958 solis
784 3901 931 3957 carimate
957 3891 1077 3955 sensim
1102 3892 1300 3956 siccantibus
1325 3894 1431 3957 nervis
1456 3895 1521 3957 vim

471 3996 627 4061 strictura
642 3994 721 4057 ferre
741 3992 898 4077 nequiret,
913 3989 972 4054 sed
989 3992 1023 4053 in
1045 4002 1169 4074 puncto
1189 3994 1343 4077 temporis
1361 3994 1432 4059 dira
1453 3997 1521 4059 vin-

471 4102 616 4167 culorum
627 4098 779 4182 ligamina
794 4097 916 4161 coelesti
931 4105 1012 4160 nutu
1027 4098 1215 4162 enodantur.
1261 4102 1343 4164 ltem
1358 4101 1394 4164 iu
1403 4101 1521 4166 nodosi

471 4203 560 4287 cippi
583 4204 754 4266 claustmm
775 4200 832 4262 viri
849 4198 913 4261 Dei
932 4198 1029 4261 tibias
1048 4208 1081 4261 et
1102 4220 1191 4263 suras
1210 4201 1400 4283 astringunt,
1414 4206 1522 4268 statim

469 4306 599 4387 rigentis
638 4304 728 4388 cippi
764 4302 890 4377 duritia,
919 4302 1076 4365 invisibili
1113 4305 1251 4368 contrita
1286 4316 1449 4387 potestate
1479 4308 1521 4370 ad

469 4406 607 4471 nihilum
629 4406 793 4488 redigitur,
814 4403 872 4468 sed
894 4404 1010 4467 milites
1033 4403 1159 4486 magica
1186 4415 1337 4488 putantes
1357 4408 1522 4491 praestigia

469 4517 604 4591 gestum,
619 4503 850 4588 putentissimis
864 4502 956 4565 illum
976 4500 1173 4586 perfundunt
1194 4503 1263 4565 lotii
1279 4503 1434 4568 odoribus
1450 4506 1520 4590 qui-

466 4612 528 4674 bus
550 4608 742 4673 arbitrantur
771 4613 887 4669 cuncta
909 4601 1134 4666 Chaldaeorum
1165 4615 1198 4666 et
1221 4604 1520 4688 Hierophantamm
