3759 5425
1067 1201 1157 1265 11.
1223 1201 1664 1268 EPISTOLA
1710 1207 1834 1268 AD
1884 1205 2477 1270 GERUNTIUM.

711 1585 994 1651 Domino
1005 1590 1360 1670 gloriosissi
1362 1613 1420 1653 m
1428 1613 1483 1669 0,
1493 1594 1751 1656 occiden
1759 1601 1825 1655 la
1833 1595 1914 1655 lis
1931 1595 2117 1675 requi
2136 1601 2393 1676 sceptra
2406 1577 3080 1674 ‚qubernyaeaen--s‘

802 1710 990 1773 quem
1020 1712 1157 1772 eqo,
1186 1699 1260 1753 ut
1305 1695 1473 1755 mihi
1500 1704 1830 1757 scrutator
1872 1695 2083 1757 cordis
2111 1705 2173 1758 et
2220 1715 2435 1758 rerum
2487 1700 2667 1759 testi-3
2706 1705 2822 1773 est,

780 1792 1103 1870 fraterna
1147 1795 1430 1856 carilale
1472 1797 1851 1875 amplector,
1900 1796 2218 1858 Gerumio
2262 1797 2451 1878 Περὶ,
2492 1800 2821 1881 simulque

801 1893 1056 1953 cunctis
1087 1893 1219 1955 Dei
1250 1894 1710 1958 Sacerdotibus
1733 1917 1855 1976 per
1878 1896 2248 1958 Damnonia
2279 1898 2822 1977 conversantibus,

801 1992 1202 2071 Aldltelmus,
1242 1996 1384 2056 sine
1421 1997 1800 2059 meritorum
1833 2001 2275 2078 proeroqativa
2320 1999 2580 2062 Abbah‘s
2615 1998 2819 2084 officio

778 2095 1087 2176 functus,
1115 2095 1456 2176 optabilem
1488 2099 1557 2159 in
1597 2100 1877 2161 Domino
1905 2101 2178 2162 salutem
2203 2101 2227 2160 ,Ι

1583 2390 2172 2473 Episcoporum,
2195 2413 2280 2454 ex
2311 2400 2443 2456 tota
2473 2414 2639 2477 pene
2671 2394 2813 2456 Bri·

1672 2493 1895 2556 tannia
1922 2492 2409 2556 innumerabilis
2432 2494 2561 2557 Dei
2594 2494 2816 2557 Sacer-

1290 2654 1297 2665 ,
1674 2591 1895 2656 dotum
1929 2604 2180 2657 caterva
2212 2595 2546 2672 confluxit,
2575 2595 2660 2658 ad
2687 2595 2813 2658 hoc

1249 2710 1252 2718 '
1288 2706 1308 2740 1¹
1552 2735 1564 2765 ρ
1500 2587 1602 2772 3:23(
1672 2695 2019 2778 praesertim
2091 2707 2500 2776 congregata,
2558 2705 2632 2760 ut
2697 2717 2814 2780 pro

995 2784 999 2793 ”
1115 2792 1122 2887 2
1155 2803 1192 2851 ἢ
1225 2803 1227 2806 ·
1535 2779 1597 2882 '²3
1670 2798 2112 2861 Ecclesiamm
2214 2798 2646 2863 sollicitudine
2750 2810 2816 2863 et

1192 2928 1268 2979 ,ἔνι
1291 2904 1479 2972 ι’
1504 2911 1522 2962 ζ
1669 2899 2021 2962 animarum
2043 2900 2246 2962 salute
2268 2896 2351 2963 ab
2375 2901 2672 2964 omnibus
2703 2900 2814 2965 de·

1304 3075 1328 3084 -.
1405 2995 1592 3151 ‘rptff
1669 3009 1841 3063 creta
1887 3000 2239 3064 Canonum.
2272 3012 2337 3064 et
2383 3001 2640 3065 Patrum
2690 3013 2814 3067 sta-

985 3157 991 3159 ,
1280 3161 1288 3171 f
1408 3099 1495 3182 ff
1468 3168 1511 3188 Ρ
1666 3111 1803 3166 tuta
1819 3110 2256 3181 tractarentur,
2279 3114 2342 3166 et
2370 3103 2439 3165 in
2471 3124 2810 3168 commune

710 3163 971 3266 Christo
992 3179 1423 3285 patrocinium
1443 3160 1807 3287 praestante,
1828 3217 2371 3268 conservarentur.
2463 3205 2594 3269 His
2621 3205 2812 3287 igitur

707 3302 823 3367 rite
880 3306 1177 3387 precatis,
1228 3327 1419 3369 omne
1472 3306 1867 3371 sacerdotale
1913 3306 2304 3384 Concilium,
2347 3327 2555 3371 meam
2603 3308 2808 3391 parvi-

707 3415 898 3469 tatem
928 3408 1069 3491 pari
1098 3421 1425 3492 praecepto
1457 3420 1521 3472 et
1550 3410 1742 3473 simili
1782 3411 2098 3474 sententia
2128 3410 2594 3493 compulerunt,
2624 3418 2697 3472 ut
2724 3409 2808 3472 ad

706 3516 929 3571 vestrae
987 3509 1245 3592 pietatis
1301 3510 1705 3591 praesentiam
1774 3510 2150 3593 epistolares
2205 3510 2528 3572 literarum
2585 3508 2808 3591 apices

703 3605 1063 3689 dirigerem,
1116 3620 1182 3674 et
1238 3631 1457 3674 eorum
1515 3625 1845 3695 paternam
1904 3611 2301 3693 petitionem,
2361 3611 2807 3692 salubremque

708 3712 1201 3792 suggestionem,
1229 3733 1345 3795 per
1362 3714 1614 3798 scriptae
1648 3712 1862 3776 stilum
1895 3711 2278 3788 intimarem,
2294 3710 2416 3773 hoc
2439 3722 2555 3787 est,
2574 3710 2656 3774 de
2674 3712 2805 3773 Ec-

705 3811 920 3876 clesiae
941 3812 1296 3876 Catholicae
1318 3814 1557 3877 unitate
1589 3824 1652 3877 et
1675 3812 2059 3877 Christianae
2079 3810 2406 3893 religionis
2436 3811 2806 3889 concordia,

704 3912 838 3977 sine
862 3914 1101 3998 quibus
1122 3915 1330 3978 otiosa
1349 3915 1677 3998 torpescit,
1695 3924 1758 3978 et
1784 3933 2036 3977 merces
2057 3911 2266 3974 sutura
2286 3910 2540 3976 fatiscit.
2631 3912 2805 3985 Quid

703 4015 870 4078 enim
880 4026 1153 4099 prosunt
1166 4017 1480 4079 bonorum
1496 4036 1763 4100 operum
1782 4016 2233 4089 emolumenta,
2247 4013 2302 4075 si
2322 4023 2504 4077 extra
2516 4013 2802 4078 Catholi-

702 4134 840 4180 cam
883 4128 1185 4198 gerantur
1220 4118 1609 4197 Ecclesiam,
1639 4118 1830 4182 etiam
1860 4116 1920 4179 si
1963 4116 2194 4201 aliquis
2224 4116 2535 4179 actualem
2577 4114 2799 4197 rigidae

700 4215 1199 4282 conversationis
1229 4220 1513 4301 regulam
1546 4220 1667 4282 sub
1698 4216 2048 4300 disciplina
2077 4215 2360 4279 coenobii
2393 4217 2657 4281 solerter
2684 4238 2800 4281 ex-

696 4330 926 4395 erceat,
978 4332 1090 4382 aut
1148 4331 1317 4382 certe
1367 4330 1743 4384 cunctorum
1802 4318 2162 4381 mortalium
2221 4318 2642 4381 contubernia
2687 4318 2798 4383 de-

695 4422 941 4483 clinans
1002 4422 1070 4486 in
1130 4422 1429 4505 squalida
1484 4421 1826 4485 solitudine
1885 4432 2166 4483 remotus
2236 4421 2796 4504 contemplativam

692 4524 1163 4588 anachoreseos
1233 4534 1499 4607 peragat
1552 4524 1767 4585 vitam.
1889 4522 2094 4602 Igitur
2152 4531 2224 4585 ut
2296 4522 2532 4585 certius
2593 4534 2800 4585 vestra

1725 4642 1767 4685 o
1797 4628 1836 4686 2
