3759 5425
701 746 744 791 na
760 745 925 792 moerens
940 745 1119 792 vrnomuu.
1382 729 1442 788 147

526 899 591 964 Sed
606 900 732 985 priscos
745 909 869 964 tantum
885 919 943 962 cur
957 908 1063 982 patres
1077 897 1196 980 pagina
1209 896 1335 981 prodat,

482 1001 634 1085 Limpida
642 1022 724 1086 quos
735 1001 900 1064 celebrant
910 1015 1050 1065 veterum
1059 1008 1267 1064 monumenta
1276 998 1441 1077 librorum,

481 1101 562 1166 Cum
578 1101 667 1166 rudis
681 1103 843 1186 antiquam
858 1103 1021 1186 praecellat
1035 1101 1135 1184 gratia
1148 1102 1265 1183 legem,

480 1203 624 1268 Salvator
638 1205 779 1268 clemens
793 1225 858 1288 qua
872 1203 993 1267 saecula
1007 1212 1123 1267 cuncta
1137 1200 1266 1266 beavit?

479 1304 665 1387 Virginibus
680 1316 768 1369 vates
783 1315 852 1368 tum
865 1305 968 1390 primo
983 1304 1135 1388 exempla
1147 1301 1284 1368 loannis

480 1405 595 1470 Edidit
608 1407 730 1471 affatim
744 1427 836 1470 sacro
850 1406 1022 1490 spiramine
1037 1407 1164 1490 plenus,

481 1509 546 1580 Qui
562 1508 737 1572 Dominum
754 1508 905 1571 obtrusus
919 1507 1018 1571 sensit
1032 1507 1194 1589 genitricis
1208 1508 1250 1571 ab
1264 1508 1336 1571 alvo

479 1609 600 1691 Pignus
614 1611 770 1673 coelorum
784 1609 877 1672 terris
890 1617 1035 1690 gestante
1050 1609 1165 1672 Maria„

481 1711 546 1775 Hic
561 1722 629 1775 erat
643 1712 676 1775 in
691 1711 777 1775 saltu
791 1711 949 1775 silvestria
962 1711 1082 1795 pabula
1095 1710 1209 1789 mellis,

479 1813 585 1896 Atque
599 1814 794 1877 locustarum
809 1811 968 1877 mandens
982 1814 1173 1896 corpuscula
1187 1813 1270 1896 frugi

480 1911 604 1977 cnara
618 1924 776 1978 nectareae
793 1913 987 1997 contempsit
1000 1913 1121 1979 fercula
1134 1933 1273 1998 pompm.

482 2014 579 2078 Hunc
596 2015 728 2079 Gabriel
743 2015 827 2099 patri
841 2026 972 2078 sanctus
985 2014 1179 2098 predixerat
1193 2027 1279 2095 ante,

481 2116 616 2180 Dextris
630 2117 739 2180 altaris
753 2137 904 2201 promens
919 2118 1049 2181 oracula
1063 2117 1138 2196 vati,

480 2217 694 2282 Thuribulum
709 2230 819 2283 aurato
835 2239 908 2281 cum
924 2218 1018 2284 ferret
1031 2231 1115 2283 sorte
1131 2220 1261 2283 sacello.

482 2319 546 2382 Sed
561 2341 636 2385 cum
649 2323 729 2384 forte
745 2321 826 2385 foret
839 2321 918 2384 felix
931 2340 1109 2404 praecursor
1122 2320 1263 2399 adultus,

479 2422 586 2505 Atque
600 2421 778 2506 prophetali
788 2420 857 2505 jam
873 2431 1099 2486 maturesceret
1113 2442 1193 2499 aevo,

430 2536 432 2539 ’
479 2521 637 2586 Praedicat
650 2522 822 2587 adventum
838 2522 958 2587 Christi
973 2523 1214 2607 paranymphus
1228 2522 1261 2584 in
1277 2523 1364 2586 orbe.

480 2623 590 2687 Plures
605 2637 794 2688 convertens
807 2645 899 2688 sacro
914 2645 1059 2688 sermone
1074 2634 1227 2688 catervas.

480 2726 627 2810 Namque
642 2727 838 2791 salutiferum
852 2726 995 2791 mundus
1011 2726 1158 2811 Baptista
1171 2725 1353 2789 Tonantem

480 2824 585 2889 Diluit
597 2827 754 2910 aequoreis
769 2848 916 2910 mergens
929 2828 963 2889 in
979 2826 1101 2910 gurgite
1116 2826 1268 2910 lymphis.

481 2928 609 3012 Accipit
623 2929 699 2993 inde
713 2930 800 2993 latex
814 2951 893 2994 mox
908 2950 1039 2993 munera
1054 2950 1145 2993 sacra
1159 2928 1282 3007 salutis,

479 3030 622 3094 Plurima
637 3030 828 3115 quadratum
843 3053 915 3116 quae
930 3052 1016 3095 nunc
1029 3041 1221 3116 sparguntur
1235 3029 1269 3093 in
1285 3030 1406 3107 orbem,

480 3130 567 3194 Dum
580 3132 695 3215 populi
710 3133 831 3215 passim
846 3133 998 3216 baptismi
1014 3132 1100 3197 dona
1116 3144 1297 3217 capessunt

480 3230 534 3296 Sic
548 3232 639 3296 fulsit
654 3232 732 3296 felix
746 3233 835 3315 virgo
850 3234 998 3316 Baptista
1011 3234 1166 3309 loannes,

481 3333 623 3397 Nuntius
636 3346 669 3397 et
682 3334 816 3398 Domini
830 3334 948 3398 Dictus
962 3354 1140 3418 precursor
1155 3334 1189 3398 in
1205 3354 1318 3398 mrum.

481 3434 585 3508 Quem
600 3435 711 3517 genuit
724 3456 794 3500 sero
809 3436 907 3520 patris
922 3435 1103 3501 veneranda
1116 3456 1272 3519 propago,

480 3536 632 3609 Quamvis
646 3536 799 3600 foecuudo
814 3538 968 3601 caruisset
981 3558 1114 3621 corpore
1129 3548 1240 3613 mater,

477 3637 550 3700 Jem
565 3636 689 3701 dudum
704 3648 737 3701 et
750 3639 848 3703 sterili
862 3640 978 3703 matrix
995 3640 1171 3720 algesceret
1186 3636 1267 3701 alvo.

481 3738 599 3801 Nullus
613 3750 681 3802 erat
693 3740 800 3824 potior
813 3740 961 3804 muliebri
976 3740 1095 3803 viscere
1110 3748 1204 3802 natus

480 3838 525 3902 Ni
539 3837 686 3903 medicus
700 3840 823 3917 mundi,
833 3842 941 3925 proles
955 3849 1106 3923 generata
1120 3838 1272 3915 tonantis,

480 3938 609 4005 Idcirco
624 3941 765 4005 mundas
778 3941 934 4006 muudum
950 3942 1021 4005 sine
1032 3941 1106 4005 labe
1122 3940 1222 4024 piacli

479 4041 600 4116 Abluit,
614 4052 648 4105 ct
660 4042 767 4107 laticis
782 4042 945 4107 Christum
962 4044 1021 4107 suh
1036 4040 1167 4105 flumine
1182 4039 1289 4105 tinxit.

481 4142 627 4207 Humida
640 4144 818 4227 fluctivagis
833 4154 1012 4208 sacrantem
1028 4143 1145 4207 caerula
1159 4142 1263 4226 ponti,

479 4244 637 4307 Fontibus
651 4255 685 4310 ct
697 4244 807 4309 vitreis
821 4245 995 4309 donantem
1010 4264 1139 4307 munera
1153 4252 1263 4327 partus

478 4345 567 4409 Dum
582 4347 681 4409 vetuli
696 4346 832 4411 redeunt
847 4348 964 4411 iterum
980 4345 1021 4410 ad
1037 4345 1199 4411 cunabula
1212 4343 1295 4407 ritae.

478 4447 573 4511 Tunc
588 4448 754 4532 linquente
770 4449 843 4513 Deo
859 4457 1034 4512 torrentum
1049 4465 1206 4510 marmora
1220 4446 1344 4527 glauca,

481 4550 529 4612 Ac
544 4548 632 4632 ripas
645 4549 799 4613 lustrante
814 4550 877 4635 piis
893 4570 965 4612 cnm
982 4548 1129 4631 passibus
1146 4546 1249 4610 amnis

888 4655 942 4715 ct
