3759 5425
628 772 784 823 nrrsvona
801 778 1123 844 Anaclncwlt,1tw.
1227 827 1231 839 ,
1339 774 1403 832 807

337 920 427 987 licet
441 923 594 1007 Virgilius
616 927 650 991 in
673 928 895 1014 hujuscemodi
914 934 1112 1015 nominibus,
1134 936 1168 1001 id
1187 945 1247 1015 est,
1266 949 1403 1023 quatuor

334 1024 457 1089 breves
472 1027 677 1107 habentibus,
692 1033 794 1095 soleat
808 1036 1112 1117 proceleusmaticos
1127 1059 1259 1123 ponere,
1275 1051 1330 1104 ut:

664 1134 736 1190 labat
748 1139 829 1191 ariete
840 1140 943 1193 crebro:

342 1234 400 1292 et:

665 1340 804 1413 depectunt
814 1345 902 1397 tenuia
914 1344 1008 1398 Seres:

343 1439 399 1497 et:

490 1540 585 1595 Genua
595 1541 694 1597 labant.

344 1636 435 1703 Item
448 1640 628 1705 masculina
641 1642 683 1705 ad
699 1642 850 1707 Paeanem
865 1644 1003 1729 primum
1020 1646 1226 1730 pertinentia,
1242 1658 1277 1713 ut
1293 1650 1399 1733 ponti·

341 1733 453 1817 'culus
476 1740 647 1821 folliculus,
668 1744 861 1826 panniculus
891 1768 912 1810 a
932 1769 1053 1831 pauno,
1074 1750 1237 1831 panucula
1262 1772 1282 1815 a
1303 1772 1401 1835 pano,

345 1843 496 1927 quamvis
524 1843 750 1913 diminutivum
779 1850 981 1934 aprimitivo
1004 1850 1188 1934 discrepet3
1220 1852 1402 1932 fonticulus,

343 1943 547 2023 marticulus,
583 1946 756 2030 igniculus,
792 1950 970 2030 testiculus,
1005 1950 1178 2032 funiculus,
1215 1953 1401 2033 criniculus,

343 2043 538 2128 pisciculus,
560 2047 738 2113 curriculus
760 2060 792 2114 et
813 2051 876 2115 hoc
896 2052 1089 2117 curriculum
1111 2054 1298 2118 neutraliter
1319 2053 1401 2118 dici·

343 2144 410 2223 tnr,
440 2147 626 2226 versiculus,
648 2150 841 2231 flucticulus,
863 2153 1027 2233 articulus,
1049 2152 1216 2230 ridiculus,
1245 2155 1401 2233 aniculus,

226 2266 234 2341 ⁵.
344 2247 551 2325 vermiculus,
587 2250 763 2332 agniculus,
799 2251 984 2332 fasciculus,
1019 2255 1193 2333 ensiculus,
1222 2255 1401 2334 cuniculus,

345 2347 554 2413 ventriculus.
598 2352 765 2416 luvenalis
779 2353 813 2417 in
828 2354 856 2417 I.

492 2454 566 2509 lnfra
575 2456 745 2511 ventriculum
756 2459 828 2513 unni
840 2458 966 2513 distantia
976 2462 1050 2514 rima

394 2552 581 2618 Nascuntur
594 2576 668 2619 vero
687 2555 757 2620 haec
779 2554 969 2621 diminutiva
983 2567 1039 2622 aut
1058 2557 1099 2622 de
1118 2558 1351 2642 monosyllabis
1364 2569 1400 2622 ut

225 2654 226 2659 ’
346 2671 434 2738 pons
460 2654 663 2737 ponticulus3
696 2666 752 2722 out
781 2656 821 2722 de
847 2656 1025 2742 disyllabis,
1046 2668 1083 2722 ut
1112 2657 1197 2724 ensis
1226 2658 1400 2737 ensiculus,

226 2749 238 2786 ‘⁷
346 2754 455 2818 dulcis
486 2755 677 2821 dulciculus.
730 2759 813 2822 Item
842 2759 986 2837 mobilia,
1014 2778 1204 2843 prupureus,
1233 2760 1400 2836 coevuleus,

346 2876 555 2936 marmoreus,
570 2877 747 2942 aequoreus,
761 2859 919 2937 funereus,
934 2860 1124 2924 Herculeus.
1150 2860 1198 2924 Ut
1209 2859 1397 2924 Juvenalis:

489 2963 590 3016 Audiet
600 2963 731 3018 Herculeo
742 2965 896 3018 stridentem
907 2967 1013 3034 gurgite
1026 2965 1126 3018 solam:

226 3102 233 3142 3
346 3069 512 3140 tartareus,
527 3062 708 3142 carbaseus,
721 3062 924 3148 pampineus,
937 3064 1115 3146 puniceus;
1137 3073 1173 3128 ut
1188 3063 1363 3147 Virgilius:

913 3173 970 3222 iota

490 3251 605 3307 Puniceo
616 3253 699 3307 stabis
710 3269 782 3308 suras
794 3255 897 3308 ainata
907 3254 1046 3308 cothurno:

347 3349 556 3434 sanguineus,
592 3349 744 3430 sidereus,
786 3373 970 3436 corporeus,
1012 3352 1193 3430 l'oeminous,
1229 3352 1399 3435 virgineus,

243 3532 246 3539 7
347 3452 519 3536 populeus,
534 3451 692 3529 aetherius,
708 3453 852 3536 Elysius,
867 3453 1070 3534 Gorgoneus,
1083 3453 1256 3536 Virgilius:

245 3629 248 3640 Ι
490 3557 560 3614 Exin
572 3557 717 3628 Gorgoneis
729 3558 834 3612 Allecto
845 3560 946 3613 insecta
956 3560 1075 3612 venenis:

348 3659 506 3742 egregius,
519 3657 667 3740 exiguus,
682 3659 874 3743 praecipuus,
894 3657 1053 3735 assiduus,
1072 3657 1217 3740 irriguus,
1240 3659 1399 3738 rorifluus,

347 3759 546 3837 horrisonus,
560 3759 756 3838 raucisonus,
772 3758 997 3841 grandisonus,
1012 3766 1048 3821 ut
1062 3768 1174 3842 poeta:

489 3865 659 3919 Grandisonis
670 3881 792 3937 pompare
803 3866 887 3918 modia
898 3865 1050 3933 tragicoque
1061 3864 1151 3928 boabo,

489 3949 645 4004 Ridicnlove
658 3950 746 4004 Geta:

349 4069 446 4135 quem
461 4069 587 4112 versum
601 4049 742 4134 imperiti
762 4058 795 4113 et
809 4048 952 4114 metricae
972 4047 1049 4112 artis
1069 4048 1174 4129 ignari
1195 4049 1399 4134 obtunsaque

227 4144 252 4239 *⁵5
348 4156 468 4224 mentis
481 4153 657 4219 acrimonia
674 4154 747 4218 freti
762 4151 839 4218 satis
854 4153 987 4236 turpiter
1000 4152 1261 4235 interpretantur,
1275 4161 1400 4231 vegeta,

349 4258 441 4346 quasi
457 4260 517 4322 sub
532 4278 598 4322 una
612 4256 764 4321 orationis
778 4267 955 4320 asserentes
969 4263 1070 4338 parte,
1084 4266 1118 4318 et
1132 4252 1272 4339 pendeat
1285 4274 1400 4318 sensus

232 4344 244 4374 ‘'
348 4361 390 4426 de
412 4361 547 4445 praelato
567 4359 696 4422 nomine
717 4357 867 4436 neutrali,
887 4356 923 4420 id
945 4366 1004 4435 cst,
1026 4355 1198 4440 figmenta;
1225 4355 1315 4439 quod
1336 4377 1398 4421 nec

349 4459 527 4529 scandendi
540 4461 633 4537 ratio,
643 4481 705 4524 nec
716 4459 910 4542 syllabarum
920 4459 1032 4541 regula
1042 4457 1217 4533 consentit;
1238 4455 1400 4541 siquidem

227 4537 261 4605 l*
348 4585 386 4628 ve
417 4559 604 4644 conjunctio
633 4571 682 4624 cst
711 4557 917 4643 disjunctiva,
941 4558 1026 4623 Geta
1056 4579 1129 4621 vero
1158 4558 1336 4642 principale
1366 4567 1398 4621 et

248 4651 254 4692 ²¹
822 4677 844 4720 x
862 4665 882 4720 2
