3759 5425
568 790 641 835 vna
656 790 832 836 sanantur
848 790 981 837 ranrcro
996 790 1162 836 sacroue.
1325 778 1388 837 stt

341 942 526 1005 victitantes
545 943 686 1024 supplici
708 963 786 1007 roce
808 943 1025 1025 alloquuntur,
1040 954 1075 1006 ut
1097 942 1162 1005 Dei
1183 954 1388 1026 precarentur

341 1043 557 1119 clementiam,
572 1054 728 1127 quatenus
741 1064 837 1126 super
849 1044 936 1107 hunc
957 1064 1216 1125 energumenum,
1232 1065 1290 1127 per
1308 1046 1388 1108 servi

337 1145 391 1207 sui
416 1143 577 1206 Aldbelmi
606 1145 762 1222 meritum,
785 1145 967 1209 ostenderet
988 1157 1116 1209 assueta
1137 1146 1297 1209 miracula.
1343 1148 1388 1209 At

338 1244 492 1306 monachi
507 1244 568 1307 hoc
584 1244 632 1307 eis
645 1245 769 1307 salubre
785 1244 902 1308 dedere
916 1266 1122 1326 responsum:
1147 1243 1256 1307 Hodie
1269 1244 1389 1325 Vigilia

340 1344 554 1407 decensionis
581 1344 807 1428 Redemptoris
836 1346 978 1408 omnium
1001 1358 1061 1423 est,
1083 1365 1147 1429 qua
1174 1366 1314 1422 carnem,
1348 1346 1390 1409 de

340 1444 667 1525 intemerataVirgine
677 1456 842 1527 acceptam
854 1457 886 1509 et
894 1446 1159 1527 mortispassione
1169 1444 1392 1525 glorificatam,

341 1544 484 1627 portavit
497 1543 538 1605 ad
554 1546 680 1621 caelum,
704 1545 761 1607 ubi
785 1546 873 1609 Deus
895 1558 928 1609 et
948 1546 1056 1622 homo,
1079 1566 1161 1608 unus
1184 1545 1341 1623 Christus,
1354 1547 1390 1609 in

341 1642 474 1706 dextera
489 1641 551 1705 Dei
571 1643 687 1707 sedens
709 1644 890 1728 disjudicat‚
905 1655 1002 1727 atque
1025 1646 1200 1708 animarum
1221 1646 1389 1727 languores

342 1751 437 1805 sanat
465 1754 498 1805 et
527 1764 707 1827 corporum,
765 1746 979 1827 Quapropter,
1009 1745 1164 1809 carissimi
1201 1746 1319 1821 iratres,
1354 1746 1390 1809 in

341 1843 481 1907 ecclesia
514 1856 710 1926 pernoctate,
744 1866 781 1908 ac
814 1847 937 1908 intento
967 1845 1062 1909 corde
1092 1866 1199 1908 sacras
1234 1846 1392 1909 excubias

342 1945 512 2021 celebrate,
527 1956 559 2006 et
573 1944 642 2006 sine
664 1946 871 2027 ambiguitate
893 1945 1026 2019 credite,
1050 1944 1138 2029 quod
1159 1944 1213 2007 ille
1236 1945 1293 2027 qui
1316 1968 1389 2009 eum

342 2047 378 2108 in
394 2057 516 2108 tantum
538 2045 722 2109 sublimavit
743 2056 779 2109 ut
800 2067 909 2110 secum
931 2048 964 2110 in
988 2048 1067 2111 caelo
1090 2048 1239 2129 gratulari
1264 2049 1394 2122 faceret,

340 2147 412 2229 ipse
428 2145 514 2208 idern
524 2168 580 2229 per
590 2168 664 2208 eum
674 2146 762 2229 quod
773 2148 914 2231 qnaeritis
926 2148 1164 2212 demonstrabit.
1201 2150 1391 2213 Astantibus

343 2267 419 2326 ergo
434 2246 580 2309 illisante
594 2248 740 2310 iconiam
750 2249 852 2311 nostri
865 2248 1259 2331 Redemptorisnocturno
1272 2250 1395 2327 officio,

343 2345 452 2409 divina
465 2346 627 2409 infirmum
643 2349 746 2429 tetigit
761 2348 991 2424 misericordia,
1006 2370 1064 2431 pro
1080 2348 1188 2409 famuli
1203 2350 1251 2410 sui
1269 2350 1392 2413 merito.

345 2448 429 2509 Nam
446 2467 659 2529 possessorem
674 2469 740 2511 suae
755 2450 885 2511 sabricae
900 2469 972 2512 curn
985 2448 1179 2529 competenti
1191 2447 1251 2509 sibi
1263 2448 1393 2529 expulit

343 2548 557 2623 contumelia;
578 2549 623 2610 ita
637 2569 751 2611 sanum
767 2548 903 2612 reddens
924 2548 1095 2623 infirmum,
1111 2568 1148 2609 ac
1173 2548 1200 2609 si
1216 2546 1294 2609 soedi
1316 2548 1392 2611 hos·

346 2648 423 2731 pitis
448 2650 538 2712 nulla
561 2671 635 2714 eum
660 2670 802 2735 unquam
824 2652 983 2732 tetigisset
1010 2648 1165 2712 molestia.
1210 2649 1283 2721 Quo
1314 2649 1395 2727 riso,

346 2771 459 2814 omnes
487 2752 543 2835 qui
568 2753 711 2831 aderant,
737 2755 856 2837 quique
883 2753 1002 2816 auditis
1025 2752 1147 2815 laetitiae
1172 2751 1305 2814 vocibus
1335 2751 1392 2813 ad·

346 2863 511 2929 venerant,
525 2854 716 2916 sonantibus
731 2855 842 2935 signis,
851 2854 1023 2916 devotione
1040 2851 1144 2916 cordis
1159 2864 1191 2915 et
1206 2872 1285 2914 sono
1297 2852 1396 2928 vocis,

348 2952 532 3034 sempiterni
548 2955 649 3036 Regis
663 2954 835 3018 laudarunt
849 2955 1017 3037 magnalia.

391 3057 466 3119 Alio
490 3078 619 3140 quoque
642 3069 785 3140 tempore
808 3059 855 3119 vir
876 3056 1008 3140 quidam
1032 3077 1126 3137 aeger,
1141 3056 1276 3140 pedibus
1299 3067 1394 3140 atque

350 3160 440 3220 coxis
467 3157 606 3223 adhaesis
627 3160 782 3234 cruribus,
804 3160 965 3222 tantillum
988 3159 1049 3222 sibi
1074 3157 1162 3243 quod
1184 3169 1251 3222 erat
1272 3158 1396 3222 itineris

349 3258 401 3320 vix
421 3259 490 3320 solo
507 3258 662 3342 reptando
677 3259 826 3322 manibus
845 3262 1037 3341 peragebat:
1066 3261 1122 3343 qui
1138 3259 1268 3322 tandem
1287 3259 1396 3321 labore

350 3359 494 3422 desectus
509 3359 648 3433 assiduo,
664 3361 827 3444 quomodo
843 3361 905 3424 Dei
921 3361 1124 3424 clementiam
1148 3371 1183 3420 ut
1203 3359 1252 3420 sui
1268 3359 1397 3422 misere·

348 3469 443 3535 retur,
453 3458 585 3543 cujusve
593 3460 703 3523 Sancti
713 3460 943 3523 adminiculum
954 3461 1139 3541 postularet,
1151 3457 1277 3519 curiosa
1292 3467 1398 3518 mente

350 3558 461 3621 sedulo
491 3580 599 3622 secum
630 3561 786 3624 volvebat.
831 3559 977 3622 Tandem
1008 3577 1068 3641 per
1095 3556 1191 3619 totius
1222 3555 1396 3636 provincie

350 3658 551 3722 latitudinem
575 3659 659 3723 lama
681 3662 808 3724 volante
837 3660 999 3740 cognovit,
1021 3657 1172 3742 quoniam
1193 3656 1226 3717 in
1249 3655 1397 3732 oratorio,

353 3760 442 3843 quod
457 3761 578 3824 Christi
601 3761 740 3824 ecclesia
761 3761 895 3842 Anglice
920 3772 1062 3836 vocatur,
1084 3757 1286 3840 omnipotens
1308 3755 1399 3819 Deus

352 3862 462 3926 solitas
488 3872 671 3942 operaretur
692 3860 832 3935 virtutes,
853 3854 981 3920 scilicet
1007 3853 1096 3938 quod
1120 3853 1316 3916 diversorum
1340 3873 1398 3934 op-

351 3963 470 4046 pressis
498 3962 687 4040 languorum
717 3957 908 4038 gracamine,
938 3967 974 4018 ut
1003 3957 1076 4038 pius
1105 3951 1236 4015 humani
1272 3952 1398 4032 generis

352 4073 553 4137 restaurator,
588 4061 771 4122 innumeras
808 4056 957 4120 redderet
985 4055 1146 4117 sanitates.
1207 4051 1271 4113 lllo
1304 4050 1401 4131 igitur

353 4177 529 4246 utcunque,
545 4161 638 4244 quasi
654 4160 724 4222 sine
740 4159 804 4220 ullo
821 4155 966 4236 vestigio,
982 4153 1078 4237 capit
1093 4150 1221 4214 tendere
1238 4170 1397 4231 gressum:

355 4278 388 4328 ut
402 4267 488 4328 sicut
501 4263 698 4326 credulitatis
714 4262 814 4323 suerat
830 4277 972 4339 compos,
985 4255 1031 4317 ita
1045 4252 1189 4316 sanitatis
1211 4249 1316 4334 quiret
1330 4270 1399 4311 esse

355 4369 525 4449 particeps.
571 4365 775 4445 Consumpto
798 4359 938 4442 denique
962 4357 1087 4439 aliquot
1109 4352 1234 4416 dierum
1256 4369 1400 4427 numero,

357 4471 413 4532 etsi
435 4486 535 4552 parvo
557 4465 682 4541 itinere,
703 4466 759 4524 vix
782 4459 931 4544 equidem
955 4455 1084 4518 tandem
1110 4453 1151 4516 ad
1178 4450 1401 4528 Meldunense,

358 4571 430 4652 quia
453 4570 488 4630 ln
515 4566 587 4649 ipso
613 4565 683 4648 ejus
707 4565 818 4626 itinere
844 4561 937 4624 situm
965 4567 1023 4633 cst,
1049 4552 1177 4618 devenit
1206 4553 1401 4615 coenobium.
