<?xml version="1.0" encoding="UTF-8"?>
<!DOCTYPE html PUBLIC "-//W3C//DTD XHTML 1.0 Transitional//EN"
    "http://www.w3.org/TR/xhtml1/DTD/xhtml1-transitional.dtd">
<html xmlns="http://www.w3.org/1999/xhtml" xml:lang="en" lang="en">
 <head>
  <title>
</title>
<meta http-equiv="Content-Type" content="text/html;charset=utf-8" />
  <meta name='ocr-system' content='tesseract 3.04.00' />
  <meta name='ocr-capabilities' content='ocr_page ocr_carea ocr_par ocr_line ocrx_word'/>
</head>
<body>
  <div class='ocr_page' id='page_1' title='image "./operaquextantom00aldhgoog_0413.png"; bbox 0 0 3759 5425; ppageno 0'>
   <div class='ocr_carea' id='block_1_1' title="bbox 654 738 1421 813">
    <p class='ocr_par' dir='ltr' id='par_1_1' title="bbox 654 738 1421 813">
     <span class='ocr_line' id='line_1_1' title="bbox 654 738 1421 813; baseline 0.001 -15"><span class='ocrx_word' id='word_1_1' title='bbox 654 751 1112 813; x_wconf 75' lang='lat' dir='ltr'><strong>anav1raaunuutu1,arc.</strong></span> <span class='ocrx_word' id='word_1_2' title='bbox 1358 738 1421 799; x_wconf 80' lang='lat'><strong>885</strong></span> 
     </span>
    </p>
   </div>
   <div class='ocr_carea' id='block_1_2' title="bbox 371 906 1423 1395">
    <p class='ocr_par' dir='ltr' id='par_1_2' title="bbox 371 906 1423 1395">
     <span class='ocr_line' id='line_1_2' title="bbox 373 906 1422 989; baseline -0.001 -17"><span class='ocrx_word' id='word_1_3' title='bbox 373 929 409 972; x_wconf 88' lang='lat' dir='ltr'><strong>se</strong></span> <span class='ocrx_word' id='word_1_4' title='bbox 424 907 556 971; x_wconf 88' lang='lat' dir='ltr'><strong>humero</strong></span> <span class='ocrx_word' id='word_1_5' title='bbox 571 914 666 970; x_wconf 82' lang='lat' dir='ltr'><strong>tantm</strong></span> <span class='ocrx_word' id='word_1_6' title='bbox 686 907 906 988; x_wconf 76' lang='lat' dir='ltr'><strong>immergebat.</strong></span> <span class='ocrx_word' id='word_1_7' title='bbox 952 908 1003 970; x_wconf 93' lang='lat' dir='ltr'><strong>lbi</strong></span> <span class='ocrx_word' id='word_1_8' title='bbox 1025 929 1086 972; x_wconf 89' lang='lat' dir='ltr'><strong>nec</strong></span> <span class='ocrx_word' id='word_1_9' title='bbox 1102 906 1270 989; x_wconf 81' lang='lat' dir='ltr'>glacialem</span> <span class='ocrx_word' id='word_1_10' title='bbox 1285 908 1422 988; x_wconf 85' lang='lat' dir='ltr'><strong>rigorem</strong></span> 
     </span>
     <span class='ocr_line' id='line_1_3' title="bbox 371 1006 1421 1091; baseline -0.005 -17"><span class='ocrx_word' id='word_1_11' title='bbox 371 1030 505 1074; x_wconf 86' lang='lat' dir='ltr'><strong>curans:</strong></span> <span class='ocrx_word' id='word_1_12' title='bbox 540 1008 691 1072; x_wconf 90' lang='lat' dir='ltr'><strong>noctibus</strong></span> <span class='ocrx_word' id='word_1_13' title='bbox 720 1006 855 1070; x_wconf 90' lang='lat' dir='ltr'><strong>durabat</strong></span> <span class='ocrx_word' id='word_1_14' title='bbox 882 1008 1067 1091; x_wconf 79' lang='lat' dir='ltr'>psalterium</span> <span class='ocrx_word' id='word_1_15' title='bbox 1102 1018 1205 1071; x_wconf 84' lang='lat' dir='ltr'><strong>totum</strong></span> <span class='ocrx_word' id='word_1_16' title='bbox 1234 1006 1421 1072; x_wconf 85' lang='lat' dir='ltr'><strong>decantans.</strong></span> 
     </span>
     <span class='ocr_line' id='line_1_4' title="bbox 371 1107 1423 1190; baseline -0.001 -15"><span class='ocrx_word' id='word_1_17' title='bbox 371 1110 589 1175; x_wconf 89' lang='lat' dir='ltr'><strong>Foeminarnm</strong></span> <span class='ocrx_word' id='word_1_18' title='bbox 618 1107 780 1172; x_wconf 83' lang='lat' dir='ltr'><strong>consortia</strong></span> <span class='ocrx_word' id='word_1_19' title='bbox 808 1128 873 1170; x_wconf 93' lang='lat' dir='ltr'><strong>non</strong></span> <span class='ocrx_word' id='word_1_20' title='bbox 895 1108 1055 1190; x_wconf 79' lang='lat' dir='ltr'>fugiebat:</span> <span class='ocrx_word' id='word_1_21' title='bbox 1079 1109 1177 1172; x_wconf 90' lang='lat' dir='ltr'><strong>immo</strong></span> <span class='ocrx_word' id='word_1_22' title='bbox 1199 1109 1250 1171; x_wconf 86' lang='lat' dir='ltr'><strong>vel</strong></span> <span class='ocrx_word' id='word_1_23' title='bbox 1276 1107 1423 1174; x_wconf 81' lang='lat' dir='ltr'><strong>assidens</strong></span> 
     </span>
     <span class='ocr_line' id='line_1_5' title="bbox 374 1207 1419 1293; baseline -0.001 -20"><span class='ocrx_word' id='word_1_24' title='bbox 374 1212 426 1276; x_wconf 90' lang='lat' dir='ltr'><strong>vel</strong></span> <span class='ocrx_word' id='word_1_25' title='bbox 442 1211 593 1275; x_wconf 89' lang='lat' dir='ltr'><strong>cubitans</strong></span> <span class='ocrx_word' id='word_1_26' title='bbox 615 1210 756 1293; x_wconf 85' lang='lat' dir='ltr'><strong>aliquam</strong></span> <span class='ocrx_word' id='word_1_27' title='bbox 782 1207 963 1271; x_wconf 88' lang='lat' dir='ltr'><strong>detinebat:</strong></span> <span class='ocrx_word' id='word_1_28' title='bbox 988 1230 1156 1293; x_wconf 85' lang='lat' dir='ltr'><strong>quousque</strong></span> <span class='ocrx_word' id='word_1_29' title='bbox 1183 1209 1289 1272; x_wconf 88' lang='lat' dir='ltr'><strong>carnis</strong></span> <span class='ocrx_word' id='word_1_30' title='bbox 1314 1220 1419 1292; x_wconf 88' lang='lat' dir='ltr'><strong>tepes-</strong></span> 
     </span>
     <span class='ocr_line' id='line_1_6' title="bbox 372 1309 1423 1395; baseline -0.004 -17"><span class='ocrx_word' id='word_1_31' title='bbox 372 1322 468 1378; x_wconf 88' lang='lat' dir='ltr'><strong>cente</strong></span> <span class='ocrx_word' id='word_1_32' title='bbox 482 1312 620 1391; x_wconf 89' lang='lat' dir='ltr'><strong>lubrico,</strong></span> <span class='ocrx_word' id='word_1_33' title='bbox 631 1311 740 1395; x_wconf 91' lang='lat' dir='ltr'><strong>quieto</strong></span> <span class='ocrx_word' id='word_1_34' title='bbox 755 1322 788 1373; x_wconf 90' lang='lat' dir='ltr'><strong>ct</strong></span> <span class='ocrx_word' id='word_1_35' title='bbox 798 1309 931 1373; x_wconf 88' lang='lat' dir='ltr'><strong>immoto</strong></span> <span class='ocrx_word' id='word_1_36' title='bbox 945 1310 1126 1374; x_wconf 89' lang='lat' dir='ltr'><strong>discederet</strong></span> <span class='ocrx_word' id='word_1_37' title='bbox 1139 1311 1254 1374; x_wconf 90' lang='lat' dir='ltr'><strong>animo.</strong></span> <span class='ocrx_word' id='word_1_38' title='bbox 1277 1310 1423 1374; x_wconf 86' lang='lat' dir='ltr'><strong>Derideri</strong></span> 
     </span>
    </p>
   </div>
   <div class='ocr_carea' id='block_1_3' title="bbox 370 1418 1422 1609">
    <p class='ocr_par' dir='ltr' id='par_1_3' title="bbox 370 1418 1422 1609">
     <span class='ocr_line' id='line_1_7' title="bbox 371 1418 1422 1498; baseline -0.002 -13"><span class='ocrx_word' id='word_1_39' title='bbox 371 1444 407 1487; x_wconf 87' lang='lat' dir='ltr'><strong>se</strong></span> <span class='ocrx_word' id='word_1_40' title='bbox 421 1421 554 1484; x_wconf 88' lang='lat' dir='ltr'><strong>videbat</strong></span> <span class='ocrx_word' id='word_1_41' title='bbox 567 1418 725 1496; x_wconf 89' lang='lat' dir='ltr'><strong>diabolus,</strong></span> <span class='ocrx_word' id='word_1_42' title='bbox 741 1438 874 1481; x_wconf 88' lang='lat' dir='ltr'><strong>cernens</strong></span> <span class='ocrx_word' id='word_1_43' title='bbox 888 1418 1102 1482; x_wconf 71' lang='lat' dir='ltr'><strong>adhaerentem</strong></span> <span class='ocrx_word' id='word_1_44' title='bbox 1118 1419 1293 1498; x_wconf 86' lang='lat' dir='ltr'><strong>foeminam,</strong></span> <span class='ocrx_word' id='word_1_45' title='bbox 1308 1421 1422 1483; x_wconf 90' lang='lat' dir='ltr'><strong>virum·</strong></span> 
     </span>
     <span class='ocr_line' id='line_1_8' title="bbox 370 1518 1421 1609; baseline -0.002 -21"><span class='ocrx_word' id='word_1_46' title='bbox 370 1545 445 1609; x_wconf 91' lang='lat' dir='ltr'><strong>que,</strong></span> <span class='ocrx_word' id='word_1_47' title='bbox 460 1523 539 1586; x_wconf 89' lang='lat' dir='ltr'><strong>alias</strong></span> <span class='ocrx_word' id='word_1_48' title='bbox 553 1529 687 1584; x_wconf 84' lang='lat' dir='ltr'><strong>avocato</strong></span> <span class='ocrx_word' id='word_1_49' title='bbox 698 1519 818 1596; x_wconf 91' lang='lat' dir='ltr'><strong>animo,</strong></span> <span class='ocrx_word' id='word_1_50' title='bbox 830 1518 1032 1583; x_wconf 78' lang='lat' dir='ltr'><strong>insistentem</strong></span> <span class='ocrx_word' id='word_1_51' title='bbox 1044 1520 1204 1583; x_wconf 90' lang='lat' dir='ltr'><strong>cantando</strong></span> <span class='ocrx_word' id='word_1_52' title='bbox 1219 1522 1421 1603; x_wconf 83' lang='lat' dir='ltr'><strong>psalterium:</strong></span> 
     </span>
    </p>
   </div>
   <div class='ocr_carea' id='block_1_4' title="bbox 370 1624 1500 4547">
    <p class='ocr_par' dir='ltr' id='par_1_4' title="bbox 370 1624 1500 4547">
     <span class='ocr_line' id='line_1_9' title="bbox 372 1624 1424 1709; baseline -0.004 -15"><span class='ocrx_word' id='word_1_53' title='bbox 372 1638 407 1694; x_wconf 90' lang='lat' dir='ltr'><strong>et</strong></span> <span class='ocrx_word' id='word_1_54' title='bbox 422 1627 630 1692; x_wconf 78' lang='lat' dir='ltr'><strong>valefaciebat</strong></span> <span class='ocrx_word' id='word_1_55' title='bbox 649 1634 780 1689; x_wconf 89' lang='lat' dir='ltr'><strong>sanctus</strong></span> <span class='ocrx_word' id='word_1_56' title='bbox 800 1625 933 1703; x_wconf 87' lang='lat' dir='ltr'><strong>mulieri,</strong></span> <span class='ocrx_word' id='word_1_57' title='bbox 949 1626 1037 1688; x_wconf 87' lang='lat' dir='ltr'><strong>salvo</strong></span> <span class='ocrx_word' id='word_1_58' title='bbox 1059 1624 1191 1709; x_wconf 88' lang='lat' dir='ltr'><strong>pudore,</strong></span> <span class='ocrx_word' id='word_1_59' title='bbox 1206 1625 1308 1691; x_wconf 84' lang='lat' dir='ltr'><strong>illaesa</strong></span> <span class='ocrx_word' id='word_1_60' title='bbox 1328 1628 1424 1691; x_wconf 89' lang='lat' dir='ltr'><strong>casti·</strong></span> 
     </span>
     <span class='ocr_line' id='line_1_10' title="bbox 372 1725 1422 1812; baseline -0.003 -15"><span class='ocrx_word' id='word_1_61' title='bbox 372 1743 449 1797; x_wconf 88' lang='lat' dir='ltr'><strong>tate.</strong></span> <span class='ocrx_word' id='word_1_62' title='bbox 494 1730 634 1793; x_wconf 85' lang='lat' dir='ltr'><strong>Sanctus</strong></span> <span class='ocrx_word' id='word_1_63' title='bbox 648 1728 733 1791; x_wconf 92' lang='lat' dir='ltr'><strong>enim</strong></span> <span class='ocrx_word' id='word_1_64' title='bbox 749 1725 938 1791; x_wconf 83' lang='lat' dir='ltr'><strong>Aldhelmus</strong></span> <span class='ocrx_word' id='word_1_65' title='bbox 950 1729 1018 1791; x_wconf 87' lang='lat' dir='ltr'><strong>vice</strong></span> <span class='ocrx_word' id='word_1_66' title='bbox 1034 1727 1171 1812; x_wconf 90' lang='lat' dir='ltr'><strong>quadam</strong></span> <span class='ocrx_word' id='word_1_67' title='bbox 1187 1727 1300 1792; x_wconf 90' lang='lat' dir='ltr'><strong>detulit</strong></span> <span class='ocrx_word' id='word_1_68' title='bbox 1314 1752 1422 1794; x_wconf 91' lang='lat' dir='ltr'><strong>secum</strong></span> 
     </span>
     <span class='ocr_line' id='line_1_11' title="bbox 375 1830 1423 1913; baseline -0.003 -14"><span class='ocrx_word' id='word_1_69' title='bbox 375 1835 416 1899; x_wconf 94' lang='lat' dir='ltr'><strong>de</strong></span> <span class='ocrx_word' id='word_1_70' title='bbox 429 1835 537 1897; x_wconf 73' lang='lat' dir='ltr'><strong>Rom</strong></span> <span class='ocrx_word' id='word_1_71' title='bbox 551 1833 649 1894; x_wconf 85' lang='lat' dir='ltr'><strong>altare</strong></span> <span class='ocrx_word' id='word_1_72' title='bbox 665 1851 708 1893; x_wconf 88' lang='lat' dir='ltr'><strong>ex</strong></span> <span class='ocrx_word' id='word_1_73' title='bbox 723 1851 880 1892; x_wconf 88' lang='lat' dir='ltr'><strong>marmore</strong></span> <span class='ocrx_word' id='word_1_74' title='bbox 897 1830 1053 1893; x_wconf 89' lang='lat' dir='ltr'><strong>candido:</strong></span> <span class='ocrx_word' id='word_1_75' title='bbox 1077 1830 1202 1894; x_wconf 91' lang='lat' dir='ltr'><strong>habens</strong></span> <span class='ocrx_word' id='word_1_76' title='bbox 1223 1832 1257 1894; x_wconf 93' lang='lat' dir='ltr'><strong>in</strong></span> <span class='ocrx_word' id='word_1_77' title='bbox 1272 1832 1423 1913; x_wconf 83' lang='lat' dir='ltr'><strong>grossitu-</strong></span> 
     </span>
     <span class='ocr_line' id='line_1_12' title="bbox 376 1930 1423 2016; baseline 0.002 -18"><span class='ocrx_word' id='word_1_78' title='bbox 376 1935 452 1998; x_wconf 90' lang='lat' dir='ltr'><strong>dine</strong></span> <span class='ocrx_word' id='word_1_79' title='bbox 468 1955 526 1997; x_wconf 87' lang='lat' dir='ltr'><strong>sex</strong></span> <span class='ocrx_word' id='word_1_80' title='bbox 548 1933 661 2016; x_wconf 88' lang='lat' dir='ltr'><strong>pedes,</strong></span> <span class='ocrx_word' id='word_1_81' title='bbox 674 1932 709 1995; x_wconf 94' lang='lat' dir='ltr'><strong>in</strong></span> <span class='ocrx_word' id='word_1_82' title='bbox 732 1930 933 2015; x_wconf 90' lang='lat' dir='ltr'><strong>longitudine</strong></span> <span class='ocrx_word' id='word_1_83' title='bbox 956 1945 1102 2015; x_wconf 89' lang='lat' dir='ltr'><strong>quatuor,</strong></span> <span class='ocrx_word' id='word_1_84' title='bbox 1115 1933 1148 1995; x_wconf 92' lang='lat' dir='ltr'><strong>in</strong></span> <span class='ocrx_word' id='word_1_85' title='bbox 1167 1933 1336 1998; x_wconf 89' lang='lat' dir='ltr'><strong>latitudine</strong></span> <span class='ocrx_word' id='word_1_86' title='bbox 1358 1947 1423 2000; x_wconf 83' lang='lat' dir='ltr'><strong>tres</strong></span> 
     </span>
     <span class='ocr_line' id='line_1_13' title="bbox 376 2029 1425 2120; baseline 0.002 -23"><span class='ocrx_word' id='word_1_87' title='bbox 376 2036 511 2120; x_wconf 86' lang='lat' dir='ltr'><strong>palmos.</strong></span> <span class='ocrx_word' id='word_1_88' title='bbox 557 2034 657 2095; x_wconf 91' lang='lat' dir='ltr'><strong>Hunc</strong></span> <span class='ocrx_word' id='word_1_89' title='bbox 682 2029 822 2114; x_wconf 86' lang='lat' dir='ltr'><strong>lapidem</strong></span> <span class='ocrx_word' id='word_1_90' title='bbox 847 2052 949 2114; x_wconf 90' lang='lat' dir='ltr'><strong>usque</strong></span> <span class='ocrx_word' id='word_1_91' title='bbox 979 2030 1020 2094; x_wconf 94' lang='lat' dir='ltr'><strong>ad</strong></span> <span class='ocrx_word' id='word_1_92' title='bbox 1047 2032 1146 2114; x_wconf 86' lang='lat' dir='ltr'><strong>Alpes</strong></span> <span class='ocrx_word' id='word_1_93' title='bbox 1176 2054 1284 2097; x_wconf 91' lang='lat' dir='ltr'><strong>secum</strong></span> <span class='ocrx_word' id='word_1_94' title='bbox 1309 2032 1425 2099; x_wconf 88' lang='lat' dir='ltr'><strong>detulit</strong></span> 
     </span>
     <span class='ocr_line' id='line_1_14' title="bbox 376 2132 1425 2216; baseline 0.001 -17"><span class='ocrx_word' id='word_1_95' title='bbox 376 2136 535 2200; x_wconf 89' lang='lat' dir='ltr'><strong>camelus:</strong></span> <span class='ocrx_word' id='word_1_96' title='bbox 566 2145 599 2197; x_wconf 91' lang='lat' dir='ltr'><strong>et</strong></span> <span class='ocrx_word' id='word_1_97' title='bbox 623 2134 669 2196; x_wconf 93' lang='lat' dir='ltr'><strong>ibi</strong></span> <span class='ocrx_word' id='word_1_98' title='bbox 692 2141 823 2216; x_wconf 83' lang='lat' dir='ltr'><strong>propter</strong></span> <span class='ocrx_word' id='word_1_99' title='bbox 848 2142 1009 2216; x_wconf 73' lang='lat' dir='ltr'><strong>praerupta</strong></span> <span class='ocrx_word' id='word_1_100' title='bbox 1029 2132 1086 2195; x_wconf 86' lang='lat' dir='ltr'><strong>viae</strong></span> <span class='ocrx_word' id='word_1_101' title='bbox 1112 2132 1257 2197; x_wconf 83' lang='lat' dir='ltr'><strong>concidit</strong></span> <span class='ocrx_word' id='word_1_102' title='bbox 1278 2146 1310 2197; x_wconf 88' lang='lat' dir='ltr'><strong>et</strong></span> <span class='ocrx_word' id='word_1_103' title='bbox 1331 2136 1425 2200; x_wconf 90' lang='lat' dir='ltr'><strong>ruina</strong></span> 
     </span>
     <span class='ocr_line' id='line_1_15' title="bbox 370 2233 1422 2321; baseline 0.004 -22"><span class='ocrx_word' id='word_1_104' title='bbox 370 2236 554 2321; x_wconf 89' lang='lat' dir='ltr'><strong>jumentum</strong></span> <span class='ocrx_word' id='word_1_105' title='bbox 569 2234 736 2299; x_wconf 85' lang='lat' dir='ltr'><strong>contrivit:</strong></span> <span class='ocrx_word' id='word_1_106' title='bbox 758 2244 791 2297; x_wconf 90' lang='lat' dir='ltr'><strong>et</strong></span> <span class='ocrx_word' id='word_1_107' title='bbox 803 2255 941 2297; x_wconf 86' lang='lat' dir='ltr'><strong>marmor</strong></span> <span class='ocrx_word' id='word_1_108' title='bbox 955 2234 988 2296; x_wconf 88' lang='lat' dir='ltr'><strong>in</strong></span> <span class='ocrx_word' id='word_1_109' title='bbox 1006 2233 1086 2298; x_wconf 91' lang='lat' dir='ltr'><strong>duas</strong></span> <span class='ocrx_word' id='word_1_110' title='bbox 1102 2248 1208 2319; x_wconf 86' lang='lat' dir='ltr'><strong>partes</strong></span> <span class='ocrx_word' id='word_1_111' title='bbox 1222 2236 1325 2321; x_wconf 80' lang='lat' dir='ltr'><strong>hegil.</strong></span> <span class='ocrx_word' id='word_1_112' title='bbox 1349 2240 1422 2311; x_wconf 87' lang='lat' dir='ltr'><strong>Quo</strong></span> 
     </span>
     <span class='ocr_line' id='line_1_16' title="bbox 379 2334 1424 2419; baseline 0.005 -19"><span class='ocrx_word' id='word_1_113' title='bbox 379 2336 671 2414; x_wconf 88' lang='lat' dir='ltr'><strong>vis0,Aldhelmus,</strong></span> <span class='ocrx_word' id='word_1_114' title='bbox 682 2336 752 2399; x_wconf 80' lang='lat' dir='ltr'><strong>lusa</strong></span> <span class='ocrx_word' id='word_1_115' title='bbox 765 2334 807 2399; x_wconf 92' lang='lat' dir='ltr'><strong>ad</strong></span> <span class='ocrx_word' id='word_1_116' title='bbox 824 2337 930 2400; x_wconf 87' lang='lat' dir='ltr'><strong>Deum</strong></span> <span class='ocrx_word' id='word_1_117' title='bbox 946 2358 1042 2419; x_wconf 86' lang='lat' dir='ltr'><strong>prece</strong></span> <span class='ocrx_word' id='word_1_118' title='bbox 1057 2348 1090 2401; x_wconf 94' lang='lat' dir='ltr'><strong>et</strong></span> <span class='ocrx_word' id='word_1_119' title='bbox 1099 2337 1174 2400; x_wconf 88' lang='lat' dir='ltr'><strong>data</strong></span> <span class='ocrx_word' id='word_1_120' title='bbox 1187 2339 1424 2419; x_wconf 85' lang='lat' dir='ltr'><strong>benedictione,</strong></span> 
     </span>
     <span class='ocr_line' id='line_1_17' title="bbox 378 2434 1421 2521; baseline 0 -18"><span class='ocrx_word' id='word_1_121' title='bbox 378 2440 490 2503; x_wconf 89' lang='lat' dir='ltr'><strong>salutis</strong></span> <span class='ocrx_word' id='word_1_122' title='bbox 505 2438 647 2519; x_wconf 86' lang='lat' dir='ltr'><strong>vigorem</strong></span> <span class='ocrx_word' id='word_1_123' title='bbox 661 2436 791 2500; x_wconf 87' lang='lat' dir='ltr'><strong>animali</strong></span> <span class='ocrx_word' id='word_1_124' title='bbox 807 2434 921 2514; x_wconf 86' lang='lat' dir='ltr'><strong>reddit,</strong></span> <span class='ocrx_word' id='word_1_125' title='bbox 936 2449 967 2501; x_wconf 87' lang='lat' dir='ltr'><strong>et</strong></span> <span class='ocrx_word' id='word_1_126' title='bbox 983 2438 1120 2500; x_wconf 81' lang='lat' dir='ltr'><strong>fractura</strong></span> <span class='ocrx_word' id='word_1_127' title='bbox 1134 2437 1249 2520; x_wconf 90' lang='lat' dir='ltr'><strong>lapidis</strong></span> <span class='ocrx_word' id='word_1_128' title='bbox 1264 2461 1335 2521; x_wconf 82' lang='lat' dir='ltr'><strong>quae</strong></span> <span class='ocrx_word' id='word_1_129' title='bbox 1357 2462 1421 2503; x_wconf 91' lang='lat' dir='ltr'><strong>non</strong></span> 
     </span>
     <span class='ocr_line' id='line_1_18' title="bbox 375 2535 1426 2623; baseline -0.001 -17"><span class='ocrx_word' id='word_1_130' title='bbox 375 2548 464 2606; x_wconf 89' lang='lat' dir='ltr'><strong>recta</strong></span> <span class='ocrx_word' id='word_1_131' title='bbox 490 2540 588 2616; x_wconf 90' lang='lat' dir='ltr'><strong>linea,</strong></span> <span class='ocrx_word' id='word_1_132' title='bbox 617 2538 674 2601; x_wconf 91' lang='lat' dir='ltr'><strong>sed</strong></span> <span class='ocrx_word' id='word_1_133' title='bbox 705 2535 843 2619; x_wconf 89' lang='lat' dir='ltr'><strong>quodam</strong></span> <span class='ocrx_word' id='word_1_134' title='bbox 875 2539 1030 2601; x_wconf 83' lang='lat' dir='ltr'><strong>amfractu</strong></span> <span class='ocrx_word' id='word_1_135' title='bbox 1059 2537 1219 2602; x_wconf 87' lang='lat' dir='ltr'><strong>dissiliens</strong></span> <span class='ocrx_word' id='word_1_136' title='bbox 1248 2550 1426 2623; x_wconf 84' lang='lat' dir='ltr'><strong>crepuerat,</strong></span> 
     </span>
     <span class='ocr_line' id='line_1_19' title="bbox 377 2638 1427 2723; baseline 0.001 -17"><span class='ocrx_word' id='word_1_137' title='bbox 377 2642 485 2705; x_wconf 84' lang='lat' dir='ltr'><strong>statim</strong></span> <span class='ocrx_word' id='word_1_138' title='bbox 500 2662 535 2704; x_wconf 87' lang='lat' dir='ltr'><strong>se</strong></span> <span class='ocrx_word' id='word_1_139' title='bbox 549 2640 583 2702; x_wconf 90' lang='lat' dir='ltr'><strong>in</strong></span> <span class='ocrx_word' id='word_1_140' title='bbox 598 2638 736 2702; x_wconf 89' lang='lat' dir='ltr'><strong>solidum</strong></span> <span class='ocrx_word' id='word_1_141' title='bbox 752 2639 927 2723; x_wconf 85' lang='lat' dir='ltr'><strong>compegit:</strong></span> <span class='ocrx_word' id='word_1_142' title='bbox 950 2640 984 2702; x_wconf 92' lang='lat' dir='ltr'><strong>in</strong></span> <span class='ocrx_word' id='word_1_143' title='bbox 999 2640 1144 2703; x_wconf 88' lang='lat' dir='ltr'><strong>miraculi</strong></span> <span class='ocrx_word' id='word_1_144' title='bbox 1155 2650 1260 2704; x_wconf 91' lang='lat' dir='ltr'><strong>tamen</strong></span> <span class='ocrx_word' id='word_1_145' title='bbox 1277 2644 1427 2707; x_wconf 88' lang='lat' dir='ltr'><strong>memoria</strong></span> 
     </span>
     <span class='ocr_line' id='line_1_20' title="bbox 377 2741 1426 2828; baseline 0.003 -21"><span class='ocrx_word' id='word_1_146' title='bbox 377 2743 484 2808; x_wconf 88' lang='lat' dir='ltr'><strong>adhuc</strong></span> <span class='ocrx_word' id='word_1_147' title='bbox 507 2742 642 2806; x_wconf 86' lang='lat' dir='ltr'><strong>cicatrix</strong></span> <span class='ocrx_word' id='word_1_148' title='bbox 665 2742 812 2805; x_wconf 80' lang='lat' dir='ltr'><strong>scissura:</strong></span> <span class='ocrx_word' id='word_1_149' title='bbox 835 2741 1028 2805; x_wconf 90' lang='lat' dir='ltr'><strong>ostenditur:</strong></span> <span class='ocrx_word' id='word_1_150' title='bbox 1051 2753 1161 2807; x_wconf 88' lang='lat' dir='ltr'><strong>sanata</strong></span> <span class='ocrx_word' id='word_1_151' title='bbox 1183 2744 1312 2828; x_wconf 92' lang='lat' dir='ltr'><strong>quidem</strong></span> <span class='ocrx_word' id='word_1_152' title='bbox 1334 2746 1426 2810; x_wconf 89' lang='lat' dir='ltr'><strong>mira·</strong></span> 
     </span>
     <span class='ocr_line' id='line_1_21' title="bbox 377 2845 1426 2930; baseline 0 -18"><span class='ocrx_word' id='word_1_153' title='bbox 377 2849 462 2924; x_wconf 91' lang='lat' dir='ltr'><strong>culo,</strong></span> <span class='ocrx_word' id='word_1_154' title='bbox 478 2845 536 2909; x_wconf 90' lang='lat' dir='ltr'><strong>sed</strong></span> <span class='ocrx_word' id='word_1_155' title='bbox 549 2847 675 2909; x_wconf 89' lang='lat' dir='ltr'><strong>curioso</strong></span> <span class='ocrx_word' id='word_1_156' title='bbox 690 2859 797 2909; x_wconf 74' lang='lat' dir='ltr'><strong>nmen</strong></span> <span class='ocrx_word' id='word_1_157' title='bbox 812 2847 983 2930; x_wconf 82' lang='lat' dir='ltr'><strong>perspicua</strong></span> <span class='ocrx_word' id='word_1_158' title='bbox 997 2845 1100 2909; x_wconf 89' lang='lat' dir='ltr'><strong>oculo.</strong></span> <span class='ocrx_word' id='word_1_159' title='bbox 1147 2847 1245 2930; x_wconf 91' lang='lat' dir='ltr'><strong>Lapis</strong></span> <span class='ocrx_word' id='word_1_160' title='bbox 1259 2849 1313 2911; x_wconf 91' lang='lat' dir='ltr'><strong>ille</strong></span> <span class='ocrx_word' id='word_1_161' title='bbox 1329 2849 1426 2913; x_wconf 91' lang='lat' dir='ltr'><strong>modo</strong></span> 
     </span>
     <span class='ocr_line' id='line_1_22' title="bbox 377 2945 1427 3031; baseline 0.003 -20"><span class='ocrx_word' id='word_1_162' title='bbox 377 2948 498 3012; x_wconf 92' lang='lat' dir='ltr'><strong>dicitur</strong></span> <span class='ocrx_word' id='word_1_163' title='bbox 527 2968 597 3010; x_wconf 88' lang='lat' dir='ltr'><strong>esse</strong></span> <span class='ocrx_word' id='word_1_164' title='bbox 625 2946 660 3009; x_wconf 94' lang='lat' dir='ltr'><strong>in</strong></span> <span class='ocrx_word' id='word_1_165' title='bbox 690 2945 832 3030; x_wconf 92' lang='lat' dir='ltr'><strong>quodam</strong></span> <span class='ocrx_word' id='word_1_166' title='bbox 867 2948 1095 3010; x_wconf 88' lang='lat' dir='ltr'><strong>canonicorum</strong></span> <span class='ocrx_word' id='word_1_167' title='bbox 1124 2948 1264 3031; x_wconf 83' lang='lat' dir='ltr'><strong>prioratu</strong></span> <span class='ocrx_word' id='word_1_168' title='bbox 1297 2951 1427 3015; x_wconf 89' lang='lat' dir='ltr'><strong>nomine</strong></span> 
     </span>
     <span class='ocr_line' id='line_1_23' title="bbox 380 3048 1426 3117; baseline 0.002 -4"><span class='ocrx_word' id='word_1_169' title='bbox 380 3050 551 3113; x_wconf 86' lang='lat' dir='ltr'><strong>Britonum</strong></span> <span class='ocrx_word' id='word_1_170' title='bbox 577 3048 612 3110; x_wconf 92' lang='lat' dir='ltr'><strong>in</strong></span> <span class='ocrx_word' id='word_1_171' title='bbox 638 3048 864 3112; x_wconf 87' lang='lat' dir='ltr'><strong>Somersetana</strong></span> <span class='ocrx_word' id='word_1_172' title='bbox 892 3048 1069 3112; x_wconf 85' lang='lat' dir='ltr'><strong>Provincia.</strong></span> <span class='ocrx_word' id='word_1_173' title='bbox 1114 3049 1273 3114; x_wconf 87' lang='lat' dir='ltr'><strong>Processu</strong></span> <span class='ocrx_word' id='word_1_174' title='bbox 1298 3053 1426 3117; x_wconf 64' lang='lat' dir='ltr'><strong>andem</strong></span> 
     </span>
     <span class='ocr_line' id='line_1_24' title="bbox 382 3149 1429 3236; baseline 0.005 -22"><span class='ocrx_word' id='word_1_175' title='bbox 382 3149 535 3234; x_wconf 88' lang='lat' dir='ltr'><strong>temporis</strong></span> <span class='ocrx_word' id='word_1_176' title='bbox 549 3149 820 3212; x_wconf 79' lang='lat' dir='ltr'><strong>west-Saxonica</strong></span> <span class='ocrx_word' id='word_1_177' title='bbox 834 3150 930 3232; x_wconf 85' lang='lat' dir='ltr'><strong>plaga</strong></span> <span class='ocrx_word' id='word_1_178' title='bbox 951 3150 984 3213; x_wconf 92' lang='lat' dir='ltr'><strong>in</strong></span> <span class='ocrx_word' id='word_1_179' title='bbox 1002 3151 1083 3214; x_wconf 91' lang='lat' dir='ltr'><strong>duos</strong></span> <span class='ocrx_word' id='word_1_180' title='bbox 1103 3151 1307 3236; x_wconf 86' lang='lat' dir='ltr'><strong>episcopatus</strong></span> <span class='ocrx_word' id='word_1_181' title='bbox 1326 3154 1429 3219; x_wconf 90' lang='lat' dir='ltr'><strong>divisa</strong></span> 
     </span>
     <span class='ocr_line' id='line_1_25' title="bbox 379 3249 1427 3335; baseline 0.005 -20"><span class='ocrx_word' id='word_1_182' title='bbox 379 3250 505 3315; x_wconf 86' lang='lat' dir='ltr'><strong>extitit:</strong></span> <span class='ocrx_word' id='word_1_183' title='bbox 529 3260 562 3314; x_wconf 89' lang='lat' dir='ltr'><strong>et</strong></span> <span class='ocrx_word' id='word_1_184' title='bbox 583 3249 702 3313; x_wconf 88' lang='lat' dir='ltr'><strong>Daniel</strong></span> <span class='ocrx_word' id='word_1_185' title='bbox 725 3249 899 3313; x_wconf 75' lang='lat' dir='ltr'><strong>Wintonia:</strong></span> <span class='ocrx_word' id='word_1_186' title='bbox 921 3251 1113 3335; x_wconf 81' lang='lat' dir='ltr'><strong>praeficitur:</strong></span> <span class='ocrx_word' id='word_1_187' title='bbox 1138 3263 1172 3316; x_wconf 90' lang='lat' dir='ltr'><strong>et</strong></span> <span class='ocrx_word' id='word_1_188' title='bbox 1193 3255 1427 3320; x_wconf 86' lang='lat' dir='ltr'><strong>Schirebumiae</strong></span> 
     </span>
     <span class='ocr_line' id='line_1_26' title="bbox 379 3350 1426 3440; baseline 0.004 -24"><span class='ocrx_word' id='word_1_189' title='bbox 379 3353 569 3417; x_wconf 87' lang='lat' dir='ltr'><strong>Aldhelmus</strong></span> <span class='ocrx_word' id='word_1_190' title='bbox 583 3353 783 3433; x_wconf 86' lang='lat' dir='ltr'><strong>subrogatur,</strong></span> <span class='ocrx_word' id='word_1_191' title='bbox 794 3364 869 3435; x_wconf 87' lang='lat' dir='ltr'><strong>post</strong></span> <span class='ocrx_word' id='word_1_192' title='bbox 880 3350 1032 3416; x_wconf 87' lang='lat' dir='ltr'><strong>Heddam</strong></span> <span class='ocrx_word' id='word_1_193' title='bbox 1044 3354 1263 3436; x_wconf 84' lang='lat' dir='ltr'><strong>Episcopum:</strong></span> <span class='ocrx_word' id='word_1_194' title='bbox 1282 3357 1337 3440; x_wconf 92' lang='lat' dir='ltr'><strong>qui</strong></span> <span class='ocrx_word' id='word_1_195' title='bbox 1349 3359 1426 3420; x_wconf 84' lang='lat' dir='ltr'><strong>utri·</strong></span> 
     </span>
     <span class='ocr_line' id='line_1_27' title="bbox 379 3452 1427 3539; baseline 0.005 -22"><span class='ocrx_word' id='word_1_196' title='bbox 379 3475 443 3539; x_wconf 92' lang='lat' dir='ltr'><strong>que</strong></span> <span class='ocrx_word' id='word_1_197' title='bbox 458 3453 635 3538; x_wconf 75' lang='lat' dir='ltr'><strong>provinciae</strong></span> <span class='ocrx_word' id='word_1_198' title='bbox 650 3453 849 3537; x_wconf 70' lang='lat' dir='ltr'><strong>presidebat</strong></span> <span class='ocrx_word' id='word_1_199' title='bbox 888 3452 1082 3516; x_wconf 87' lang='lat' dir='ltr'><strong>Aldhelmus</strong></span> <span class='ocrx_word' id='word_1_200' title='bbox 1108 3456 1237 3516; x_wconf 88' lang='lat' dir='ltr'><strong>veroin</strong></span> <span class='ocrx_word' id='word_1_201' title='bbox 1262 3469 1427 3522; x_wconf 85' lang='lat' dir='ltr'><strong>senectute</strong></span> 
     </span>
     <span class='ocr_line' id='line_1_28' title="bbox 378 3555 1500 3640; baseline 0.003 -21"><span class='ocrx_word' id='word_1_202' title='bbox 378 3557 476 3634; x_wconf 89' lang='lat' dir='ltr'><strong>bona,</strong></span> <span class='ocrx_word' id='word_1_203' title='bbox 489 3557 608 3640; x_wconf 88' lang='lat' dir='ltr'><strong>plenus</strong></span> <span class='ocrx_word' id='word_1_204' title='bbox 623 3555 791 3618; x_wconf 87' lang='lat' dir='ltr'><strong>virtutibus</strong></span> <span class='ocrx_word' id='word_1_205' title='bbox 807 3567 839 3617; x_wconf 89' lang='lat' dir='ltr'><strong>et</strong></span> <span class='ocrx_word' id='word_1_206' title='bbox 850 3555 1017 3619; x_wconf 86' lang='lat' dir='ltr'><strong>sanctitate</strong></span> <span class='ocrx_word' id='word_1_207' title='bbox 1032 3555 1179 3635; x_wconf 89' lang='lat' dir='ltr'><strong>migravit</strong></span> <span class='ocrx_word' id='word_1_208' title='bbox 1193 3555 1235 3619; x_wconf 89' lang='lat' dir='ltr'><strong>ad</strong></span> <span class='ocrx_word' id='word_1_209' title='bbox 1250 3557 1427 3622; x_wconf 89' lang='lat' dir='ltr'><strong>Dominum</strong></span> <span class='ocrx_word' id='word_1_210' title='bbox 1497 3571 1500 3578; x_wconf 82' lang='lat'>&#39;</span> 
     </span>
     <span class='ocr_line' id='line_1_29' title="bbox 380 3655 1429 3736; baseline 0 -15"><span class='ocrx_word' id='word_1_211' title='bbox 380 3670 492 3721; x_wconf 87' lang='lat' dir='ltr'><strong>octavo</strong></span> <span class='ocrx_word' id='word_1_212' title='bbox 508 3655 674 3719; x_wconf 90' lang='lat' dir='ltr'><strong>Kalendas</strong></span> <span class='ocrx_word' id='word_1_213' title='bbox 687 3657 708 3719; x_wconf 93' lang='lat' dir='ltr'><strong>J</strong></span> <span class='ocrx_word' id='word_1_214' title='bbox 710 3657 777 3719; x_wconf 91' lang='lat' dir='ltr'><strong>unii</strong></span> <span class='ocrx_word' id='word_1_215' title='bbox 792 3667 823 3719; x_wconf 89' lang='lat' dir='ltr'><strong>et</strong></span> <span class='ocrx_word' id='word_1_216' title='bbox 839 3655 872 3717; x_wconf 90' lang='lat' dir='ltr'><strong>in</strong></span> <span class='ocrx_word' id='word_1_217' title='bbox 887 3655 1080 3718; x_wconf 87' lang='lat' dir='ltr'><strong>monasterio</strong></span> <span class='ocrx_word' id='word_1_218' title='bbox 1096 3677 1154 3719; x_wconf 89' lang='lat' dir='ltr'><strong>suo</strong></span> <span class='ocrx_word' id='word_1_219' title='bbox 1165 3655 1384 3736; x_wconf 89' lang='lat' dir='ltr'><strong>Meidunensi,</strong></span> <span class='ocrx_word' id='word_1_220' title='bbox 1394 3659 1429 3722; x_wconf 93' lang='lat' dir='ltr'><strong>id</strong></span> 
     </span>
     <span class='ocr_line' id='line_1_30' title="bbox 381 3756 1430 3843; baseline 0.002 -21"><span class='ocrx_word' id='word_1_221' title='bbox 381 3770 429 3822; x_wconf 88' lang='lat' dir='ltr'><strong>est</strong></span> <span class='ocrx_word' id='word_1_222' title='bbox 465 3759 686 3840; x_wconf 82' lang='lat' dir='ltr'><strong>Malmesbnry</strong></span> <span class='ocrx_word' id='word_1_223' title='bbox 716 3778 790 3821; x_wconf 91' lang='lat' dir='ltr'><strong>cum</strong></span> <span class='ocrx_word' id='word_1_224' title='bbox 821 3777 937 3838; x_wconf 89' lang='lat' dir='ltr'><strong>magno</strong></span> <span class='ocrx_word' id='word_1_225' title='bbox 965 3756 1085 3819; x_wconf 92' lang='lat' dir='ltr'><strong>honore</strong></span> <span class='ocrx_word' id='word_1_226' title='bbox 1114 3757 1274 3840; x_wconf 85' lang='lat' dir='ltr'><strong>sepelitur.</strong></span> <span class='ocrx_word' id='word_1_227' title='bbox 1327 3757 1430 3843; x_wconf 87' lang='lat' dir='ltr'><strong>Cujus</strong></span> 
     </span>
     <span class='ocr_line' id='line_1_31' title="bbox 381 3857 1428 3944; baseline 0 -20"><span class='ocrx_word' id='word_1_228' title='bbox 381 3860 506 3924; x_wconf 89' lang='lat' dir='ltr'><strong>obitum</strong></span> <span class='ocrx_word' id='word_1_229' title='bbox 521 3868 651 3922; x_wconf 89' lang='lat' dir='ltr'><strong>sanctus</strong></span> <span class='ocrx_word' id='word_1_230' title='bbox 665 3857 824 3938; x_wconf 86' lang='lat' dir='ltr'><strong>nginus</strong></span> <span class='ocrx_word' id='word_1_231' title='bbox 839 3857 992 3920; x_wconf 87' lang='lat' dir='ltr'><strong>divinitus</strong></span> <span class='ocrx_word' id='word_1_232' title='bbox 1013 3877 1216 3940; x_wconf 85' lang='lat' dir='ltr'><strong>praenoscens</strong></span> <span class='ocrx_word' id='word_1_233' title='bbox 1230 3857 1264 3920; x_wconf 88' lang='lat' dir='ltr'><strong>in</strong></span> <span class='ocrx_word' id='word_1_234' title='bbox 1287 3859 1428 3944; x_wconf 90' lang='lat' dir='ltr'><strong>quodam</strong></span> 
     </span>
     <span class='ocr_line' id='line_1_32' title="bbox 380 3957 1428 4044; baseline 0.002 -19"><span class='ocrx_word' id='word_1_235' title='bbox 380 3982 438 4025; x_wconf 88' lang='lat' dir='ltr'><strong>suo</strong></span> <span class='ocrx_word' id='word_1_236' title='bbox 452 3959 571 4044; x_wconf 91' lang='lat' dir='ltr'><strong>scripto</strong></span> <span class='ocrx_word' id='word_1_237' title='bbox 586 3960 634 4024; x_wconf 89' lang='lat' dir='ltr'><strong>sic</strong></span> <span class='ocrx_word' id='word_1_238' title='bbox 649 3959 710 4023; x_wconf 90' lang='lat' dir='ltr'><strong>ait:</strong></span> <span class='ocrx_word' id='word_1_239' title='bbox 733 3959 812 4022; x_wconf 88' lang='lat' dir='ltr'><strong>Post</strong></span> <span class='ocrx_word' id='word_1_240' title='bbox 827 3959 909 4023; x_wconf 88' lang='lat' dir='ltr'><strong>duos</strong></span> <span class='ocrx_word' id='word_1_241' title='bbox 923 3979 1025 4022; x_wconf 88' lang='lat' dir='ltr'><strong>annos</strong></span> <span class='ocrx_word' id='word_1_242' title='bbox 1046 3957 1246 4038; x_wconf 78' lang='lat' dir='ltr'><strong>aldhelmus,</strong></span> <span class='ocrx_word' id='word_1_243' title='bbox 1260 3960 1428 4043; x_wconf 87' lang='lat' dir='ltr'><strong>religiosus</strong></span> 
     </span>
     <span class='ocr_line' id='line_1_33' title="bbox 380 4057 1427 4146; baseline 0.002 -22"><span class='ocrx_word' id='word_1_244' title='bbox 380 4059 563 4146; x_wconf 87' lang='lat' dir='ltr'><strong>episcopus,</strong></span> <span class='ocrx_word' id='word_1_245' title='bbox 578 4059 725 4140; x_wconf 87' lang='lat' dir='ltr'><strong>migravit</strong></span> <span class='ocrx_word' id='word_1_246' title='bbox 738 4057 781 4122; x_wconf 91' lang='lat' dir='ltr'><strong>ad</strong></span> <span class='ocrx_word' id='word_1_247' title='bbox 796 4059 990 4122; x_wconf 85' lang='lat' dir='ltr'><strong>Dominum:</strong></span> <span class='ocrx_word' id='word_1_248' title='bbox 1013 4057 1100 4142; x_wconf 89' lang='lat' dir='ltr'><strong>quod</strong></span> <span class='ocrx_word' id='word_1_249' title='bbox 1116 4079 1175 4141; x_wconf 91' lang='lat' dir='ltr'><strong>ego</strong></span> <span class='ocrx_word' id='word_1_250' title='bbox 1189 4081 1247 4142; x_wconf 87' lang='lat' dir='ltr'><strong>per</strong></span> <span class='ocrx_word' id='word_1_251' title='bbox 1263 4063 1427 4126; x_wconf 86' lang='lat' dir='ltr'><strong>revelatio·</strong></span> 
     </span>
     <span class='ocr_line' id='line_1_34' title="bbox 379 4159 1426 4240; baseline 0.004 -18"><span class='ocrx_word' id='word_1_252' title='bbox 379 4181 453 4224; x_wconf 90' lang='lat' dir='ltr'><strong>nem</strong></span> <span class='ocrx_word' id='word_1_253' title='bbox 476 4179 656 4240; x_wconf 86' lang='lat' dir='ltr'><strong>agnoscens</strong></span> <span class='ocrx_word' id='word_1_254' title='bbox 678 4159 863 4222; x_wconf 89' lang='lat' dir='ltr'><strong>convocatis</strong></span> <span class='ocrx_word' id='word_1_255' title='bbox 889 4159 1035 4223; x_wconf 84' lang='lat' dir='ltr'><strong>fratribus</strong></span> <span class='ocrx_word' id='word_1_256' title='bbox 1060 4179 1228 4222; x_wconf 85' lang='lat' dir='ltr'><strong>excessum</strong></span> <span class='ocrx_word' id='word_1_257' title='bbox 1256 4161 1426 4226; x_wconf 89' lang='lat' dir='ltr'><strong>venerandi</strong></span> 
     </span>
     <span class='ocr_line' id='line_1_35' title="bbox 379 4261 1427 4348; baseline 0 -19"><span class='ocrx_word' id='word_1_258' title='bbox 379 4264 479 4348; x_wconf 85' lang='lat' dir='ltr'><strong>patris</strong></span> <span class='ocrx_word' id='word_1_259' title='bbox 494 4263 543 4326; x_wconf 88' lang='lat' dir='ltr'><strong>eis</strong></span> <span class='ocrx_word' id='word_1_260' title='bbox 557 4264 686 4345; x_wconf 87' lang='lat' dir='ltr'><strong>apemi:</strong></span> <span class='ocrx_word' id='word_1_261' title='bbox 710 4262 900 4346; x_wconf 85' lang='lat' dir='ltr'><strong>concitoque</strong></span> <span class='ocrx_word' id='word_1_262' title='bbox 922 4261 1023 4344; x_wconf 87' lang='lat' dir='ltr'><strong>gradu</strong></span> <span class='ocrx_word' id='word_1_263' title='bbox 1043 4261 1084 4325; x_wconf 94' lang='lat' dir='ltr'><strong>ad</strong></span> <span class='ocrx_word' id='word_1_264' title='bbox 1105 4263 1212 4326; x_wconf 91' lang='lat' dir='ltr'><strong>locum</strong></span> <span class='ocrx_word' id='word_1_265' title='bbox 1227 4264 1282 4326; x_wconf 92' lang='lat' dir='ltr'><strong>ubi</strong></span> <span class='ocrx_word' id='word_1_266' title='bbox 1304 4285 1427 4329; x_wconf 88' lang='lat' dir='ltr'><strong>sacrum</strong></span> 
     </span>
     <span class='ocr_line' id='line_1_36' title="bbox 379 4361 1428 4449; baseline -0.001 -20"><span class='ocrx_word' id='word_1_267' title='bbox 379 4385 497 4449; x_wconf 89' lang='lat' dir='ltr'><strong>corpus</strong></span> <span class='ocrx_word' id='word_1_268' title='bbox 515 4363 649 4447; x_wconf 88' lang='lat' dir='ltr'><strong>jacebat</strong></span> <span class='ocrx_word' id='word_1_269' title='bbox 674 4361 905 4447; x_wconf 86' lang='lat' dir='ltr'><strong>quinquaginta</strong></span> <span class='ocrx_word' id='word_1_270' title='bbox 929 4361 993 4425; x_wconf 86' lang='lat' dir='ltr'><strong>sere</strong></span> <span class='ocrx_word' id='word_1_271' title='bbox 1018 4363 1161 4426; x_wconf 90' lang='lat' dir='ltr'><strong>millibus</strong></span> <span class='ocrx_word' id='word_1_272' title='bbox 1190 4364 1270 4426; x_wconf 87' lang='lat' dir='ltr'><strong>ultra</strong></span> <span class='ocrx_word' id='word_1_273' title='bbox 1299 4364 1428 4428; x_wconf 88' lang='lat' dir='ltr'><strong>Meidu-</strong></span> 
     </span>
     <span class='ocr_line' id='line_1_37' title="bbox 379 4461 1426 4547; baseline 0.001 -19"><span class='ocrx_word' id='word_1_274' title='bbox 379 4487 479 4530; x_wconf 91' lang='lat' dir='ltr'><strong>nense</strong></span> <span class='ocrx_word' id='word_1_275' title='bbox 508 4465 737 4528; x_wconf 87' lang='lat' dir='ltr'><strong>monasterium</strong></span> <span class='ocrx_word' id='word_1_276' title='bbox 773 4463 912 4547; x_wconf 91' lang='lat' dir='ltr'><strong>positum</strong></span> <span class='ocrx_word' id='word_1_277' title='bbox 943 4461 1059 4527; x_wconf 87' lang='lat' dir='ltr'><strong>deveni</strong></span> <span class='ocrx_word' id='word_1_278' title='bbox 1094 4475 1125 4527; x_wconf 93' lang='lat' dir='ltr'><strong>et</strong></span> <span class='ocrx_word' id='word_1_279' title='bbox 1161 4463 1202 4527; x_wconf 88' lang='lat' dir='ltr'><strong>ad</strong></span> <span class='ocrx_word' id='word_1_280' title='bbox 1231 4466 1426 4546; x_wconf 88' lang='lat' dir='ltr'><strong>sepulturam</strong></span> 
     </span>
    </p>
   </div>
   <div class='ocr_carea' id='block_1_5' title="bbox 379 4565 1428 4728">
    <p class='ocr_par' dir='ltr' id='par_1_5' title="bbox 379 4565 1428 4728">
     <span class='ocr_line' id='line_1_38' title="bbox 379 4565 1428 4653; baseline -0.001 -20"><span class='ocrx_word' id='word_1_281' title='bbox 379 4567 504 4633; x_wconf 81' lang='lat' dir='ltr'><strong>adduxi</strong></span> <span class='ocrx_word' id='word_1_282' title='bbox 519 4580 552 4630; x_wconf 87' lang='lat' dir='ltr'><strong>et</strong></span> <span class='ocrx_word' id='word_1_283' title='bbox 573 4567 754 4631; x_wconf 88' lang='lat' dir='ltr'><strong>honorifice</strong></span> <span class='ocrx_word' id='word_1_284' title='bbox 777 4565 924 4650; x_wconf 86' lang='lat' dir='ltr'><strong>sepelivi:</strong></span> <span class='ocrx_word' id='word_1_285' title='bbox 948 4565 1104 4630; x_wconf 88' lang='lat' dir='ltr'><strong>mandans</strong></span> <span class='ocrx_word' id='word_1_286' title='bbox 1125 4577 1162 4630; x_wconf 92' lang='lat' dir='ltr'><strong>ut</strong></span> <span class='ocrx_word' id='word_1_287' title='bbox 1184 4567 1217 4629; x_wconf 93' lang='lat' dir='ltr'><strong>in</strong></span> <span class='ocrx_word' id='word_1_288' title='bbox 1233 4584 1428 4653; x_wconf 90' lang='lat' dir='ltr'><strong>quoeunque</strong></span> 
     </span>
     <span class='ocr_line' id='line_1_39' title="bbox 878 4683 931 4728; baseline 0.038 -2"><span class='ocrx_word' id='word_1_289' title='bbox 878 4683 897 4726; x_wconf 90' lang='lat' dir='ltr'><strong>c</strong></span> <span class='ocrx_word' id='word_1_290' title='bbox 914 4687 931 4728; x_wconf 92' lang='lat' dir='ltr'><strong>c</strong></span> 
     </span>
    </p>
   </div>
   <div class='ocr_carea' id='block_1_6' title="bbox 0 0 1888 5425">
    <p class='ocr_par' dir='ltr' id='par_1_6' title="bbox 0 0 1888 5425">
     <span class='ocr_line' id='line_1_40' title="bbox 0 0 1888 5425; baseline 0 0"><span class='ocrx_word' id='word_1_291' title='bbox 0 0 1888 5425; x_wconf 95' lang='lat' dir='ltr'><strong> </strong></span> 
     </span>
    </p>
   </div>
  </div>
 </body>
</html>
