3759 5425
717 770 759 814 ns
775 770 940 816 muninus
955 769 1134 817 vrsoruurr.
1398 759 1467 818 165,

498 919 638 1003 Imperat
651 923 816 1004 Augustus
829 923 923 988 lentis
937 946 1054 990 vexare
1071 927 1224 1008 flagellis:

497 1019 664 1095 Quatenus
677 1024 810 1088 inflictis
826 1035 975 1090 nutarent
989 1039 1120 1110 pectora
1135 1029 1253 1110 flagris,

496 1124 576 1195 Quae
591 1127 681 1208 prius
697 1128 884 1192 obstiterant
897 1130 966 1212 regi
981 1150 1091 1210 parere
1107 1131 1258 1195 nefando.

496 1226 560 1290 Sed
575 1239 683 1293 tamen
698 1231 855 1295 infantum
869 1253 935 1295 non
952 1232 1073 1297 cedunt
1088 1254 1222 1318 corpora
1236 1233 1353 1316 poenis,

497 1328 584 1400 Quin
599 1330 701 1414 magis
716 1332 890 1396 horrendas
903 1335 1037 1397 vincunt
1051 1333 1230 1416 praecordia
1244 1334 1361 1416 virgas,

495 1427 646 1503 Quamvis
660 1433 853 1516 sanguineos
868 1435 1029 1498 fudissent
1044 1438 1174 1500 verbera
1189 1435 1284 1511 rivos,

494 1529 665 1616 Crndaque
679 1554 738 1616 per
751 1547 875 1598 teneras
889 1547 1032 1600 rorarent
1045 1537 1175 1600 vulnera
1189 1537 1314 1620 pulpas.

494 1631 587 1696 Tunc
604 1632 733 1698 demum
748 1637 866 1720 capital
881 1657 1053 1720 perpessus
1068 1637 1147 1702 sorte
1163 1635 1325 1715 sacerdos,

495 1733 628 1800 AEtbera
643 1737 759 1817 glauca
773 1740 855 1822 petit
869 1739 1003 1804 devecta
1017 1750 1117 1804 morte
1132 1739 1343 1822 triumphans,

496 1835 565 1900 Nec
580 1860 645 1901 non
660 1839 694 1902 in
709 1852 814 1904 vestes
828 1862 952 1904 sursum
969 1843 1122 1924 migrante
1139 1842 1303 1925 magistro:

496 1937 571 2002 Hoc
587 1951 637 2003 est
651 1942 793 2025 ephoebi,
808 1963 890 2025 quos
903 1942 1007 2006 rubris
1022 1955 1105 2008 serta
1119 1943 1230 2008 rosetis

495 2039 662 2106 Omabant
675 2045 794 2126 pariter
807 2046 961 2109 coelorum
977 2047 1103 2110 culmen
1120 2055 1251 2110 ovantes

495 2141 659 2223 Angelicis
668 2142 776 2227 juncti
790 2147 1001 2228 penetrabant
1016 2147 1152 2211 coetibns
1166 2147 1276 2210 altum.

538 2243 620 2319 Quis
634 2247 718 2309 valet
731 2248 873 2311 urbanus
886 2247 1000 2312 laudes
1015 2270 1161 2312 sermone
1176 2249 1278 2332 polito

496 2345 566 2408 Fari
582 2359 764 2411 sanctorum
779 2349 841 2411 sub
857 2350 932 2412 coeli
948 2350 1090 2413 culmine
1104 2350 1218 2426 claras,

495 2445 566 2521 Qua
580 2468 712 2512 croceos
726 2449 823 2512 Titan
838 2449 944 2514 radios
960 2449 1109 2513 diffundit
1123 2451 1155 2512 in
1172 2451 1293 2529 orbem,

495 2548 580 2611 Dum
596 2551 708 2614 lustrat
720 2551 820 2614 latum
835 2552 959 2614 reflexo
973 2553 1096 2616 tramite
1111 2551 1275 2614 mundum.

493 2649 558 2715 Sed
573 2663 681 2716 tamen
696 2655 842 2737 egregios
857 2653 1048 2738 depromens
1062 2654 1187 2737 garrula
1201 2654 1313 2718 scabro

496 2754 638 2837 Incipiet
650 2755 813 2819 celebrare
828 2756 913 2819 viros
926 2776 1012 2819 nunc
1028 2756 1148 2840 pagina
1162 2776 1271 2819 versu:

494 2858 583 2934 Quos
598 2868 740 2921 materna
754 2857 850 2920 simul
865 2858 978 2921 matrix
994 2858 1091 2921 enixa
1106 2857 1258 2941 gemellos

495 2962 607 3028 Edidit
622 2962 655 3025 iu
671 2961 793 3026 mundo
808 2962 935 3025 sortitos
950 2963 1080 3025 nomina
1095 2960 1204 3045 dupla.

493 3065 634 3141 Quorum
650 3067 729 3128 alter
744 3063 889 3141 Cosmus,
904 3064 1083 3127 Damianos
1098 3063 1214 3128 dicitur
1228 3064 1314 3126 alter.

494 3166 616 3229 lmbult
629 3165 690 3228 hos
704 3166 820 3249 pariter
834 3165 921 3228 saecli
937 3163 1082 3230 doctrina
1095 3164 1265 3239 medelam,

495 3268 565 3331 Nec
580 3288 646 3329 non
665 3266 773 3329 divina
787 3267 948 3349 praestavit
964 3267 1066 3347 gratia
1080 3268 1189 3349 gratis,

494 3368 539 3432 Ut
552 3378 685 3451 possent
699 3367 790 3430 fibris
804 3376 913 3451 putres
927 3368 1101 3451 explodere
1117 3379 1234 3451 postes,

494 3470 600 3554 Atque
615 3468 809 3531 salutiferam
825 3468 944 3531 morbis
959 3469 1143 3553 impendere
1159 3489 1267 3533 curam

491 3571 622 3633 Artibus
636 3568 811 3631 horrendas
826 3568 981 3651 pellentes
996 3590 1128 3653 corpore
1143 3568 1260 3633 clades.

493 3672 615 3748 Mutos,
628 3682 661 3733 et
675 3691 817 3747 mancos,
832 3670 977 3749 claudos,
992 3669 1168 3755 surdosque
1183 3680 1335 3752 repertos,

492 3775 626 3849 luscos,
640 3779 673 3835 et
688 3772 823 3850 strabos,
838 3771 893 3855 qui
909 3780 991 3833 torta
1005 3772 1078 3834 lnce
1093 3771 1246 3834 fruuntur.

494 3877 629 3954 Blaesos,
643 3896 681 3939 ac
696 3875 822 3951 balbos,
837 3875 892 3957 qui
908 3874 1000 3937 saevis
1015 3875 1110 3937 verba
1124 3874 1263 3957 loquelis

493 3978 611 4041 Fontes
626 3985 851 4059 corrumpunt:
875 3986 908 4037 ot
923 3973 1079 4059 quicquid
1095 3973 1200 4038 debile
1216 3974 1322 4038 fertur.

494 4079 631 4143 Coelitus
644 4078 824 4142 instaurant
840 4075 971 4139 Christo
987 4076 1125 4141 donante
1141 4078 1293 4140 salutem:

536 4180 658 4263 Sicque
672 4180 759 4242 luem
775 4178 880 4241 caruis
894 4177 1028 4241 trudunt
1041 4178 1254 4242 medicamine
1270 4200 1403 4262 spurcae.

494 4284 563 4345 Noc
580 4290 686 4345 tamon
702 4279 821 4343 eximio
837 4278 987 4342 virtutum
1003 4301 1132 4342 munere
1144 4278 1237 4356 dites,

494 4384 572 4446 Auri
587 4380 725 4445 fallentis
740 4390 865 4461 gestant
878 4380 1039 4463 marsupia
1054 4380 1155 4444 larsa:

496 4484 558 4548 Sed
574 4485 699 4547 loculos
714 4482 835 4545 nummi
852 4482 989 4559 calcant,
1005 4494 1040 4545 ut
1055 4492 1135 4546 tetra
1150 4504 1281 4560 venena,

495 4587 613 4651 Omnia
628 4586 785 4650 donautcs
800 4584 895 4667 gratis
909 4606 966 4667 pro
982 4585 1062 4667 stipe
1078 4606 1224 4668 superna.
