3759 5425
456 746 519 805 256

750 756 906 803 nrrsroua
922 756 965 801 sn
981 756 1160 817 rcrncrorr,
1176 757 1247 803 nro.

841 916 871 975 9.
888 910 940 973 De
957 910 1122 973 Columbo.

540 1014 623 1078 Cum
639 1016 728 1078 Deus
742 1013 890 1077 infandas
900 1013 970 1097 jarn
986 1015 1141 1097 plecteret
1154 1034 1283 1097 aequore
1298 1034 1404 1076 noxas

539 1116 755 1199 Ablueretque
771 1116 866 1178 simul
881 1116 1037 1179 scelerum
1053 1115 1202 1197 contagia
1215 1114 1374 1198 lymphis5

541 1216 649 1282 Prima
662 1240 723 1301 ego
738 1216 891 1302 praeoepti
905 1216 1065 1300 complevi
1074 1216 1150 1301 jura
1164 1217 1300 1300 parenti,

540 1318 740 1383 Portendens
755 1318 859 1382 fructu
874 1318 964 1381 terris
978 1319 1084 1381 venire
1099 1318 1244 1380 salutem.

540 1421 637 1485 Mitia
652 1428 848 1505 quapropter
863 1438 990 1500 semper
1002 1416 1183 1502 praecordia
1197 1429 1299 1499 gesto,

540 1524 585 1586 Et
600 1523 678 1585 felix
694 1541 818 1604 praepes
832 1521 924 1601 nigro
940 1521 1010 1583 aine
1024 1519 1098 1583 selle
1113 1521 1263 1582 manebo.

860 1628 909 1686 10.
927 1622 980 1687 De
994 1622 1098 1686 Pisce.

541 1727 599 1790 Me
613 1725 752 1811 pedibus
767 1723 981 1809 manibusque
996 1726 1091 1787 simui
1106 1724 1305 1788 fraudaverat
1320 1723 1422 1786 aimus

538 1828 676 1904 Arbiter,
690 1829 882 1891 immensum
897 1827 1002 1910 primo
1017 1826 1094 1890 dum
1109 1837 1266 1910 pangeret
1279 1828 1400 1890 orbem.

541 1930 567 1993 F
569 1930 671 1994 uicior
684 1930 771 1994 baud
787 1930 923 1993 volitans
937 1930 1040 1993 veloci
1055 1929 1206 2012 proepetis
1220 1929 1282 2004 ala,

539 2034 679 2117 Spiritus
694 2036 815 2097 alterno
830 2044 959 2115 vegetat
971 2055 1033 2096 nee
1050 2054 1183 2117 corpora
1196 2032 1286 2108 flatu,

539 2136 692 2209 Quamvis
707 2137 741 2199 in
757 2135 850 2199 ooelis
864 2156 1015 2199 convexa
1029 2134 1198 2197 cacumina
1212 2154 1351 2212 cernam,

539 2240 614 2302 Non
631 2250 737 2302 tamen
754 2238 868 2302 undosi
883 2246 1055 2301 contemno
1070 2256 1228 2301 marmora
1241 2237 1343 2319 ponti.

708 2346 755 2403 ll.
782 2340 832 2403 De
849 2342 945 2412 Bone,
960 2342 1027 2402 nive
1042 2339 1083 2401 de
1096 2340 1249 2401 Juoenco.

540 2441 639 2507 Arida
653 2444 815 2527 spumosis
830 2442 1011 2505 dissolvens
1025 2441 1173 2505 saucibus
1188 2462 1245 2505 ora

538 2544 594 2607 Bis
609 2544 695 2608 binis
709 2544 841 2608 bibulus
855 2555 966 2627 potum
982 2541 1022 2605 de
1038 2542 1180 2605 fontibus
1194 2542 1297 2606 hausi.

536 2648 656 2712 Vivens
669 2669 746 2712 nam
761 2658 850 2712 terrae
867 2647 978 2729 glebas
993 2666 1066 2711 cum
1081 2645 1234 2729 stirpibus
1247 2645 1322 2708 imis

538 2749 622 2812 Nisu
638 2749 760 2814 virtutis
776 2746 889 2812 validm
905 2747 1071 2830 disrumpo
1087 2746 1223 2810 feraces:

536 2853 578 2916 At
594 2874 668 2916 vero
683 2852 801 2936 linquit
816 2851 894 2914 dum
908 2851 1038 2935 spiritus
1052 2849 1162 2932 algida
1175 2852 1327 2929 membra,

538 2954 688 3019 Nexibus
701 2953 870 3018 horrendis
885 2952 1034 3017 homines
1050 2951 1267 3032 constringere
1281 2973 1420 3036 possum.

821 3061 870 3118 12.
889 3053 998 3118 Ooecus
1016 3063 1123 3117 nutus.

534 3159 555 3220 J
557 3177 608 3220 am
624 3158 756 3221 reseram
773 3158 877 3221 verbis
892 3157 963 3234 tibi,
979 3156 1066 3240 qnod
1082 3159 1135 3220 vix
1150 3157 1279 3221 eredere
1294 3159 1410 3241 possis,

535 3259 618 3322 Cum
635 3269 760 3324 constet
775 3281 895 3334 verum,
912 3258 1023 3322 fallant
1037 3279 1097 3322 nec
1113 3260 1226 3323 frivola
1239 3270 1388 3323 mentem.

536 3363 620 3426 Nam
637 3360 759 3425 dudum
775 3361 923 3425 dederam
940 3361 1044 3424 soboli
1059 3362 1251 3424 munuscula
1265 3373 1354 3443 grata

532 3463 674 3528 Tradere
689 3485 760 3549 quse
776 3484 940 3548 nunquam
955 3474 1081 3547 poteret
1091 3463 1171 3527 mibi
1186 3463 1341 3547 quislibet
1353 3463 1443 3541 alter,

535 3566 621 3630 Dum
639 3565 729 3629 Deus
744 3585 787 3628 ex
802 3565 867 3628 alto
883 3563 1042 3628 fraudaret
1055 3565 1177 3627 lumine
1192 3564 1290 3640 claro,

536 3669 572 3730 in
590 3689 654 3751 quo
670 3678 856 3730 cunctorum
872 3664 1014 3747 gaudent
1027 3664 1205 3749 praecordia
1220 3664 1316 3730 dono.

862 3769 911 3828 13.
937 3765 1085 3848 clypeus.

534 3873 585 3934 De
603 3871 711 3934 salicis
727 3881 851 3946 trunco,
867 3868 995 3949 pecoris
1009 3888 1140 3951 quoqne
1155 3880 1277 3952 tergore
1291 3890 1364 3933 raso

533 3973 730 4056 Componor,
745 3970 871 4056 patiens
887 3968 1071 4034 discrimina
1085 3970 1166 4035 dura
1180 3971 1289 4035 duelli.

533 4077 668 4159 Semper
682 4095 741 4157 ego
756 4071 884 4157 proprio
899 4072 1052 4153 gestantis
1067 4093 1198 4156 corpore
1214 4095 1332 4160 corpus

534 4178 752 4254 conservabo,
767 4173 826 4237 viri
841 4173 936 4238 vitam
952 4195 994 4236 ne
1010 4174 1185 4259 dempserit
1199 4175 1312 4240 Orcus.

534 4281 614 4354 Quis
629 4289 734 4343 tentos
749 4297 852 4351 casus,
868 4287 923 4340 aut
937 4276 1009 4360 quis
1023 4287 1088 4338 tam
1103 4277 1239 4360 plurima
1254 4279 1334 4344 letbi

532 4382 674 4466 Suscipit
689 4381 722 4443 in
737 4380 825 4444 bello
841 4377 979 4442 crudelis
995 4379 1123 4442 vulnera
1139 4381 1254 4444 miles?
