3759 5425
631 730 788 777 arrsrom
805 732 848 776 au
863 729 1039 787 scincum,
1055 729 1127 775 ero
1341 713 1405 772 tls

440 877 566 942 Siccior
581 882 689 946 aestiro
704 885 851 947 torrentis
866 893 1013 948 caumate
1029 882 1124 959 Solis,

442 976 528 1042 Rure
543 981 676 1046 madens
690 982 804 1047 iterum
819 986 893 1067 plus
908 983 974 1047 udo
988 983 1119 1046 flumine
1135 981 1241 1045 fontis.

441 1076 561 1143 Salsior
575 1091 608 1145 et
621 1084 722 1147 multo
739 1084 851 1147 tumidi
867 1105 963 1168 quam
980 1104 1136 1147 marmora
1149 1081 1253 1167 ponti,

442 1176 487 1240 Et
501 1181 616 1260 gelidis
631 1194 719 1247 terrae
735 1185 875 1268 lymphis
889 1183 1041 1247 insulsior
1055 1204 1135 1261 erro,

438 1277 613 1363 Multiplici
628 1284 736 1366 speeie
752 1294 940 1349 cunctorum
957 1294 1087 1366 compta
1101 1284 1255 1359 colorum,

441 1378 496 1441 Ex
511 1381 628 1463 quibus
644 1394 774 1448 ornetur
788 1386 956 1467 presentis
969 1384 1120 1448 machina
1133 1382 1257 1454 mundi,

441 1480 562 1547 Lurida
576 1504 650 1547 oum
665 1495 732 1548 toto
746 1506 834 1549 nune
851 1486 911 1550 sim
925 1486 1073 1550 fraudata
1086 1486 1205 1562 colore,

441 1584 626 1648 Auscultate
641 1586 705 1649 mei
721 1585 887 1651 credentes
901 1586 1022 1651 lamina
1036 1587 1136 1663 verbi,

440 1684 586 1748 Pandere
601 1707 673 1771 quae
687 1689 803 1771 poterit
816 1710 933 1771 gnerus
948 1689 1004 1752 vix
1018 1710 1075 1753 ora
1088 1688 1249 1769 magister,

439 1786 485 1847 Et
499 1796 606 1850 tamen
620 1788 771 1851 inficians
786 1810 853 1851 nou
867 1799 953 1853 retur
967 1789 1079 1853 frivola
1092 1790 1194 1852 lector
1202 1810 1212 1864 ;

441 1888 594 1952 Sciscitor
608 1889 749 1966 inflatam,
764 1910 828 1974 quo
842 1890 957 1973 fungar
971 1891 1111 1967 nomine,
1127 1888 1265 1975 Sophos.

588 1986 715 2068 [Codex
731 1991 762 2052 Α
777 1990 872 2053 addit
884 2010 951 2073 que
964 1991 1166 2073 sequentum]

438 2091 545 2154 Aurea
559 2091 635 2155 dum
651 2093 729 2156 exili
745 2093 874 2158 Christo
889 2094 946 2159 fila
960 2094 1049 2176 virgo
1064 2115 1126 2158 acu
1140 2093 1289 2158 dedicata

438 2191 541 2255 Manu
555 2191 677 2275 pallida
692 2203 821 2279 torquet
834 2217 917 2259 aereo
932 2205 1000 2260 tum
1015 2217 1076 2276 ego
1092 2196 1216 2259 calamo

440 2291 616 2373 crinigeris
630 2295 731 2377 pingo
746 2295 881 2379 paginas
895 2298 1045 2381 lacrymis

439 2391 568 2477 Pauper
580 2404 678 2477 poete
691 2393 796 2459 nescit
810 2406 901 2459 antra
914 2416 1076 2459 musarum
1091 2395 1187 2458 sicuti
1202 2415 1263 2475 ego

440 2488 530 2553 Crux
546 2490 719 2555 benedicto
733 2492 814 2555 nitet
828 2492 949 2556 Christi
965 2489 1113 2555 dedicata
1128 2512 1249 2555 eruore.

659 2677 702 2724 DE
718 2675 845 2724 merula
861 2675 1099 2724 courmuarw.

396 2795 439 2858 D.
461 2795 630 2878 Expositis
667 2796 870 2877 aenigmatum
903 2792 1176 2878 propositionibus
1209 2802 1241 2856 et
1278 2791 1403 2875 digesta

350 2909 522 2963 metrorum
536 2896 686 2976 melodia,
695 2897 765 2983 jem
786 2897 964 2981 promissus
984 2917 1087 2959 rerum
1103 2895 1181 2959 ordo
1198 2895 1353 2977 efflagitat
1367 2909 1403 2960 ut

350 2998 560 3062 multiformes
574 2998 694 3082 pedum
709 2999 835 3080 regulus
850 3019 892 3060 ex
908 2997 1042 3061 dirersis
1055 2996 1236 3060 orationum
1256 2996 1403 3080 partibus

349 3100 518 3182 propalare
538 3119 605 3161 non
627 3099 761 3176 ebnueS,
775 3118 883 3161 eorum
906 3097 1081 3183 prasertim
1097 3117 1181 3180 quos
1203 3098 1403 3178 grammatici

350 3199 413 3262 sibi
427 3219 579 3281 usurpare
594 3210 778 3263 noscuntur.

393 3300 486 3362 -Μ,
510 3300 709 3365 Generaliter
723 3301 864 3364 omnium
879 3301 999 3384 pedum
1017 3302 1182 3382 catalogus
1202 3309 1250 3363 ter
1264 3299 1400 3382 quadru-

349 3420 452 3482 genus
466 3409 497 3462 et
511 3408 682 3483 quaternus
700 3409 836 3476 constet,
853 3401 915 3466 hoo
931 3409 982 3463 est
1002 3399 1155 3462 CXXIV.
1201 3396 1267 3461 Sed
1281 3419 1323 3462 ex
1337 3401 1400 3465 hae

348 3501 505 3584 perplexa
525 3499 750 3564 numerositate
773 3500 923 3563 XXVIII
946 3498 1046 3583 pedes
1063 3506 1312 3582 sequestrantur,
1329 3501 1399 3583 qui-

349 3601 412 3664 bus
438 3598 562 3662 metrici
586 3609 771 3682 poematum
797 3598 949 3663 facundia
974 3597 1046 3660 freti
1072 3597 1258 3679 funguntur,
1279 3599 1400 3683 quique

349 3711 573 3785 quaternarum
588 3721 770 3764 mensuram
785 3700 980 3783 syllabarum
995 3696 1127 3760 minime
1142 3697 1383 3762 transcendunt.

393 3802 437 3865 D.
460 3801 664 3864 Manifestius
685 3801 748 3864 boe
764 3811 797 3865 et
818 3799 934 3863 elarius
949 3797 1145 3880 patefactum
1167 3796 1278 3860 audire
1293 3808 1399 3880 gratu·

347 3903 499 3968 lou-M.
530 3903 582 3965 De
612 3900 744 3965 duarum
770 3910 884 3965 natura
915 3899 1109 3982 syllabarum
1136 3910 1273 3982 quatuor
1296 3898 1398 3982 pedes

347 4009 549 4085 generantur,
564 4001 604 4065 de
617 4002 721 4065 tribus
735 4001 868 4085 syllabis
889 4001 976 4064 VIII
999 3999 1188 4083 procedunt,
1204 3998 1244 4063 de
1261 4011 1398 4084 quatuor

348 4107 439 4169 XVI.
484 4103 543 4168 Isti
558 4115 633 4166 sunt
648 4103 830 4188 specialiter
842 4101 976 4184 legitimi
992 4100 1270 4182 grammaticorum
1285 4100 1397 4185 pedes,

348 4207 389 4269 de
403 4205 522 4289 quibus
537 4213 673 4268 centena
686 4215 857 4268 metrorum
872 4203 1045 4286 disciplina
1058 4201 1277 4284 pullulaverat.

391 4308 435 4370 D.
458 4306 545 4379 Quot
559 4315 634 4369 sunt
649 4315 807 4370 oratorum
822 4304 935 4389 pedes,
947 4303 1003 4388 qui
1014 4301 1181 4366 rhetorice
1197 4302 1274 4366 artis
1287 4307 1397 4387 regula

348 4407 563 4486 continentur,
592 4418 624 4471 et
645 4429 749 4491 prosae
771 4404 942 4471 urbanitati
965 4401 1306 4487 mancipanturi—M.
1333 4405 1398 4470 Ter

221 4551 224 4564 »
346 4509 461 4574 triceni
476 4519 509 4572 et
523 4519 572 4572 ter
585 4508 665 4587 bini,
681 4507 769 4592 quod
783 4520 833 4571 est
851 4505 1027 4585 nonaginta
1048 4515 1082 4568 et
1101 4525 1171 4581 sex,
1186 4527 1267 4590 quos
1282 4508 1398 4573 Graeca

865 4625 886 4669 Τ
