3759 5425
481 703 522 765 34
840 720 866 764 s.
882 718 1058 765 annuatur
1075 717 1177 764 maan

481 893 548 935 non
565 885 595 935 te
610 872 731 936 hordeo
751 873 847 951 alam,
863 873 920 936 sed
943 874 1044 957 paleis
1058 881 1091 937 et
1112 873 1196 936 lame
1219 869 1403 936 conficiam.
1447 867 1535 942 Qua·

480 983 611 1056 propter
632 974 809 1038 innumeris
830 975 1055 1038 miraculorum
1073 973 1228 1057 prodigiis
1249 991 1431 1047 coruscans,
1452 969 1536 1033 anti·

482 1075 555 1158 quis
591 1075 847 1159 aequiparabatur
882 1075 1091 1160 patriarchis:
1135 1075 1303 1159 Siquidem
1339 1071 1535 1136 horrendum

481 1195 684 1259 squammoso
700 1197 832 1259 corpore
848 1176 1031 1253 draconem,
1040 1175 1138 1259 juxta
1151 1177 1352 1261 Epidaurum
1364 1174 1537 1238 Dalmatiae

481 1278 704 1361 municipium,
719 1299 815 1362 quern
836 1279 933 1342 boam
948 1290 1076 1356 vocant,
1091 1279 1132 1342 ab
1148 1298 1187 1342 eo
1203 1278 1278 1361 quia
1291 1289 1388 1341 tantm
1405 1275 1537 1339 inormi-

481 1378 556 1441 tatis
579 1377 706 1456 existat,
728 1389 765 1440 ut
792 1379 892 1442 boves
914 1379 1082 1441 vinrlentis
1103 1376 1362 1441 mandibularum
1385 1376 1537 1440 dentibus

482 1479 657 1557 trucidans,
677 1482 789 1562 gulosa
808 1479 927 1544 ventris
946 1480 1087 1559 ingluvie
1107 1480 1263 1545 voraciter
1285 1480 1399 1562 glutire
1423 1479 1539 1553 soleat,

483 1592 516 1645 et
537 1603 603 1645 non
627 1584 731 1646 solum
754 1594 898 1646 armenta
919 1594 953 1646 et
973 1582 1128 1666 pecudea,
1150 1581 1208 1646 sed
1230 1582 1385 1664 agricolas
1406 1600 1537 1665 quoqne

482 1691 578 1765 atque
600 1683 760 1746 bubulcos
785 1694 818 1747 et
840 1685 994 1748 subulcos
1017 1684 1058 1747 ad
1081 1705 1115 1747 se
1134 1691 1255 1747 tractos
1276 1684 1308 1746 ri
1331 1682 1461 1767 spiritus
1480 1682 1537 1744 ab·

482 1783 610 1847 sorbeat
641 1783 672 1861 (o
702 1785 807 1868 superi
844 1786 941 1848 talem
975 1785 1067 1847 terris
1096 1785 1226 1849 avertite
1263 1784 1409 1868 gypsam)
1440 1781 1537 1845 armis

483 1883 664 1948 orationum
679 1886 828 1949 extinxit.
874 1886 952 1949 Hoc
974 1884 1086 1948 modo:
1111 1906 1222 1968 pyram
1240 1896 1325 1948 strue
1339 1882 1485 1966 stipitum
1500 1883 1536 1945 in

484 1985 574 2048 edito
602 1995 818 2052 constructam
849 1998 882 2050 et
906 1987 1146 2050 flammantibus
1170 1986 1326 2050 scindulis
1346 2005 1538 2049 succensam

483 2087 651 2171 praefatum
680 2089 767 2151 mirae
790 2087 1020 2170 magnitudinis
1042 2088 1231 2151 basiliscum
1253 2088 1348 2168 vulgo
1368 2095 1538 2169 spectante

483 2190 638 2254 scandere
647 2191 793 2255 terrificae
797 2191 951 2276 jussionis
959 2192 1095 2277 imperio
1105 2191 1538 2274 compellens,squamigeros

484 2301 645 2354 costarum
668 2303 771 2356 crates
785 2292 985 2377 rigidamque
1008 2295 1110 2378 spinae
1131 2305 1329 2358 curvaturam
1349 2292 1463 2374 prunis
1481 2313 1537 2354 co-

485 2393 658 2475 quentibus
674 2395 829 2457 extonuit
843 2405 875 2457 et
890 2396 1072 2459 assantibus
1083 2396 1231 2459 titionum
1247 2394 1352 2478 globis
1366 2392 1539 2458 crudeliter

484 2495 687 2574 comburens,
698 2497 825 2580 plebem
842 2517 862 2559 a
876 2496 1030 2560 lethiferis
1039 2497 1152 2560 bestiae
1162 2497 1290 2560 flatibus
1301 2496 1426 2578 eripuit.
1463 2497 1536 2560 Nec

484 2619 550 2662 non
566 2598 662 2663 etiam
678 2599 829 2663 ferventis
845 2599 959 2662 oceani
981 2600 1091 2663 flustra
1106 2610 1138 2663 et
1158 2598 1338 2681 spumantis
1359 2597 1536 2661 cataclismi

484 2700 602 2777 cerula,
611 2722 685 2764 cum
694 2699 843 2783 proprios
858 2697 1083 2781 egrederentur
1097 2699 1251 2762 terminos
1265 2708 1297 2762 et
1311 2697 1403 2781 quasi
1418 2696 1537 2763 divinae

483 2804 651 2886 potestatis
681 2823 817 2865 censura
846 2801 957 2864 diluvii
982 2800 1192 2883 irruptionem
1218 2799 1401 2877 minaretur,
1423 2820 1482 2863 seu
1502 2801 1537 2863 in

482 2907 649 2989 antiquum
676 2906 775 2968 chaos
797 2902 906 2966 omnia
926 2901 1031 2964 redire
1057 2913 1256 2984 cogerentur.
1301 2902 1434 2965 Accolae
1454 2902 1536 2985 Epi·

485 3001 643 3064 dauritani
658 2999 795 3063 eundem
813 3000 879 3063 Dei
893 2999 1047 3062 famulum
1064 3009 1175 3063 contra
1189 3000 1359 3065 frementes
1373 3002 1492 3066 fluetus
1502 3015 1536 3066 et

484 3105 584 3166 salsas
614 3102 771 3183 gurgitum
802 3102 904 3164 moles
934 3100 1126 3183 inexperto
1156 3102 1316 3184 compulsi
1340 3110 1455 3166 terrore
1478 3126 1537 3188 op·

484 3213 679 3287 posuerunt;
714 3202 770 3284 qui
786 3223 861 3266 cum
876 3211 966 3264 terna
984 3200 1123 3284 patibuli
1138 3201 1306 3281 signacula
1324 3203 1359 3265 in
1373 3204 1539 3285 glarigeris

485 3306 624 3368 sulcaret
646 3306 815 3367 sablonum
841 3302 998 3380 litoribus,
1023 3302 1139 3365 mirum
1162 3302 1263 3381 dictu,
1285 3304 1447 3387 quomodo
1473 3315 1537 3370 tur·

484 3426 619 3489 gescens
647 3414 767 3488 pontus
790 3406 825 3467 in
856 3405 1021 3467 cumulum
1043 3404 1178 3469 creverit
1197 3412 1231 3468 et
1257 3406 1292 3467 in
1322 3418 1443 3489 quanta
1463 3428 1536 3491 pro·

484 3508 627 3585 caritate,
646 3516 682 3570 ut
699 3527 808 3569 murus
831 3507 977 3588 glacialis
999 3516 1073 3571 ante
1095 3528 1169 3571 aum
1191 3508 1319 3573 steterit.
1364 3510 1394 3572 Ο
1416 3520 1538 3594 quanta

484 3618 532 3673 est
546 3608 710 3693 pudicitiae
732 3609 929 3692 virtusque
949 3608 1139 3672 bacchantis
1153 3610 1259 3673 beluae
1279 3609 1401 3673 rabiem
1419 3612 1537 3677 humil·

484 3715 562 3778 lima
591 3733 685 3797 prece
716 3712 918 3796 compescuit
947 3722 980 3775 et
1008 3722 1182 3775 tumentem
1214 3713 1352 3797 aequoris
1379 3712 1538 3780 insaniam

484 3816 610 3881 indulta
638 3824 794 3898 potestate
824 3814 1024 3897 compressit,
1048 3814 1195 3878 Danielis
1224 3815 1395 3899 Prophetae
1417 3817 1537 3882 factum

485 3918 687 4002 aequiparans
701 3916 734 3979 iu
755 3918 905 3981 Dracone
927 3916 1143 3999 legislatorem
1166 3919 1320 3982 aemulans
1340 3918 1376 3981 in
1396 3940 1536 4003 aequore.

484 4020 643 4084 Joannem
658 4040 732 4083 vero
755 4020 907 4083 Nilotica
930 4020 1113 4083 solitudinis
1135 4020 1333 4099 heremitam,
1348 4021 1405 4105 qui
1426 4022 1536 4087 Theo-

485 4122 579 4185 dosio
594 4120 704 4184 mundi
719 4122 936 4186 monarchiam
953 4125 1151 4203 gubernante
1164 4124 1366 4207 quaterdenis
1380 4145 1538 4189 annorum

485 4223 615 4287 circulis
629 4222 663 4285 in
679 4223 828 4305 practicae
844 4224 1096 4289 conversationis
1115 4225 1223 4289 studio
1239 4224 1413 4302 desudans,
1430 4225 1538 4311 (quam

486 4324 616 4389 Martha
638 4324 750 4388 Lazari
774 4346 923 4407 germana
944 4326 1084 4389 votivum
1107 4326 1227 4391 Christi
1249 4327 1457 4392 humanitatis
1480 4331 1537 4394 ob·

485 4426 631 4512 sequium
657 4428 805 4509 praebens
830 4426 1022 4509 praefigumt)
1045 4430 1158 4492 mirum
1181 4429 1360 4495 devotionis
1384 4431 1538 4497 fervorem

487 4530 606 4613 exegit,
621 4550 659 4593 ac
676 4528 805 4593 demum
820 4530 994 4614 quinquies
1007 4532 1150 4597 bilustris
1163 4544 1344 4617 temporum
1359 4535 1489 4600 circulis
1502 4537 1538 4599 in
