3759 5425
577 803 653 850 vrrs
668 804 842 849 annuatur
859 804 992 849 ruarmo
1008 805 1170 851 socronn.
1336 794 1401 852 365

334 957 495 1033 floribus,
510 968 542 1019 et
556 956 597 1020 de
612 958 752 1041 Septena
766 960 1005 1043 supputatione,
1017 980 1058 1021 cx
1074 957 1256 1041 disciplinis
1266 960 1403 1024 collecta

332 1056 631 1140 Philosophorum,
647 1062 826 1141 pertinente
849 1061 890 1125 ad
913 1062 1096 1144 septiforme
1119 1059 1239 1123 donum
1263 1060 1403 1143 Spiritus

337 1159 463 1219 sancti.
522 1158 659 1243 Scripsit
694 1171 727 1224 ct
761 1161 801 1224 de
831 1161 1051 1225 admonitione
1088 1161 1233 1224 fraterna
1263 1161 1404 1226 caritatis

337 1260 498 1323 volumen
529 1281 639 1324 unum.
689 1264 745 1327 Ex
775 1264 1009 1327 insensibilium
1040 1284 1145 1326 rerum
1174 1273 1298 1341 natura,
1329 1284 1401 1346 quae

338 1360 526 1425 seeundum
549 1364 768 1447 metaphoram
790 1366 995 1429 sermocinari
1018 1365 1205 1447 figurantur,
1221 1365 1403 1449 composuit

341 1464 494 1525 altenrm.
556 1464 607 1527 De
636 1465 755 1548 pedum
793 1467 921 1547 regulis,
950 1468 1173 1549 metaplasmo,
1203 1468 1403 1551 synaloepha,

343 1563 531 1640 scansione,
545 1576 578 1627 et
592 1566 708 1649 eclipsi
722 1587 888 1629 versuum:
911 1567 964 1628 De
987 1566 1119 1631 metrica
1138 1567 1258 1630 alterna
1272 1568 1402 1630 interro·

345 1664 491 1745 gationis
501 1676 534 1727 et
544 1667 762 1748 responsionis
771 1664 1003 1744 vicissitudine,
1013 1666 1137 1730 duabus
1146 1667 1245 1730 literis
1255 1666 1401 1732 discreta.

346 1765 772 1849 Scripsitctalianonnulla,
783 1777 894 1852 utpote
902 1768 1175 1850 rerundecunque
1183 1766 1403 1833 doctissimus:

344 1889 424 1930 nam
440 1878 473 1930 ct
496 1889 640 1931 sermone
663 1868 794 1946 nitidus,
810 1881 842 1933 ct
857 1869 1083 1951 seripturarum
1102 1868 1148 1946 (ut
1164 1867 1320 1949 diximus)
1338 1881 1403 1933 tarn

346 1968 530 2033 liberalium
547 1990 645 2053 quam
660 1971 948 2034 ecclesiasticarum
964 1980 1031 2033 erat
1041 1969 1217 2032 eruditione
1229 1970 1402 2034 mirandus.

350 2070 436 2131 Haec
451 2069 491 2132 ‹le-
508 2069 646 2152 quodam
662 2070 884 2151 antiquissimo
900 2068 1024 2145 codice,
1038 2068 1072 2131 in
1089 2068 1235 2153 ejusdem
1258 2072 1403 2135 ecclesiae

349 2172 487 2235 armario
501 2184 638 2255 reperto,
652 2173 684 2235 iu
700 2172 796 2257 hujus
811 2172 961 2257 opusculi
973 2173 1131 2236 volumine
1140 2194 1259 2256 ponere
1271 2173 1401 2257 dignum

350 2271 513 2336 duximus.

395 2373 475 2436 Car.
492 2374 556 2437 ΙΙΙ.
581 2375 751 2437 llliruculu
764 2382 915 2454 patratu,
927 2376 1157 2454 Episcopatus,
1168 2373 1283 2448 odilae,
1294 2376 1402 2455 sepul-

349 2474 540 2538 tura-Vir
562 2484 668 2537 autem
690 2474 922 2553 sanctissimus,
942 2475 1020 2538 dum
1045 2474 1122 2539 clari
1148 2475 1255 2557 operis
1275 2496 1402 2538 monas-

350 2576 466 2639 terium
501 2574 662 2658 quoddam
697 2575 832 2639 Meldun
869 2575 911 2637 ad
947 2576 1100 2637 bonorem
1132 2575 1307 2639 Genitricis
1338 2578 1402 2641 Dei

350 2679 541 2754 fabricaret;
578 2678 641 2741 hoc
663 2698 721 2761 pro
751 2698 790 2741 eo
813 2676 975 2758 virgineus
1004 2688 1109 2757 uatus,
1131 2675 1173 2740 ad
1203 2678 1251 2740 sui
1273 2678 1402 2742 laudem

352 2801 485 2864 suaeque
501 2780 666 2861 genitricis
679 2780 834 2844 honorem
857 2788 954 2863 atque
977 2778 1067 2842 istius
1091 2779 1215 2856 famam,
1231 2777 1403 2843 declaravit

351 2883 499 2946 mirabile
510 2885 640 2946 sactum.
676 2882 827 2966 Denique
839 2902 913 2945 cum
922 2881 963 2944 ad
976 2881 1087 2963 templi
1096 2879 1192 2964 hujus
1204 2882 1268 2944 alta
1278 2881 1402 2965 fastigia

351 2985 466 3049 diversi
483 2986 632 3048 machina
647 2984 848 3048 instrumenti
860 3006 986 3065 magnae
996 2984 1103 3047 trabes
1113 2984 1302 3059 levarentur,
1314 3005 1401 3069 quae-

351 3087 426 3150 dam
448 3108 554 3149 earum
578 3109 597 3150 a
619 3085 839 3169 bipennigeris
860 3084 1014 3167 reperitur
1036 3085 1178 3160 minima,
1201 3105 1274 3167 quae
1294 3094 1401 3149 tamen

350 3188 392 3252 ad
417 3187 653 3270 longitudinem
675 3188 806 3251 aliarum
829 3184 971 3250 studiose
995 3188 1035 3250 ab
1058 3188 1104 3250 eis
1126 3187 1229 3252 fuerat
1249 3203 1400 3254 resecata.

351 3289 416 3354 Sed
431 3291 638 3374 omnipotens
661 3291 752 3352 Deus
773 3288 849 3351 ideo
870 3288 968 3366 hanc,
989 3300 1027 3352 ut
1048 3289 1109 3352 sibi
1131 3290 1265 3371 placuit,
1287 3290 1400 3354 decur-

352 3393 440 3470 tavit,
455 3403 612 3476 quatenus
626 3391 659 3454 in
675 3392 737 3455 hoc
758 3392 855 3454 etiam
874 3391 955 3454 servi
977 3390 1027 3452 sui
1048 3390 1194 3452 meritum
1217 3389 1401 3454 hominibus

349 3492 540 3556 notificaret.
585 3492 679 3555 Tunc
708 3492 843 3575 opifices
872 3489 1063 3575 pernimium
1093 3489 1208 3566 tristes,
1231 3489 1308 3572 quia
1329 3489 1399 3552 haec

351 3593 536 3677 participari
559 3593 701 3656 secundo
723 3594 797 3655 loco
820 3591 961 3654 debebat
991 3590 1129 3662 initium,
1155 3589 1234 3673 quid
1260 3589 1402 3654 facerent

350 3695 453 3772 dubii,
469 3695 510 3758 ad
526 3696 630 3758 sancti
645 3693 748 3757 Patris
762 3692 858 3777 hujus
872 3705 1066 3756 concurrunt
1087 3691 1265 3754 consilium.
1310 3691 1400 3762 Quos

349 3798 415 3876 ille,
437 3797 497 3860 etsi
519 3807 624 3860 mente
653 3795 771 3859 anxius
800 3792 994 3866 redderetur,
1026 3792 1065 3854 de
1095 3790 1312 3854 misericordia
1336 3793 1399 3856 Dei

351 3900 505 3975 confisus,
534 3899 672 3975 benigne
697 3896 883 3978 alloquitur:
912 3895 976 3958 Eia
1002 3895 1121 3970 tratres,
1147 3890 1188 3954 ad
1213 3904 1398 3957 caeterarum

351 4019 530 4063 mensnram
547 3999 573 4061 si
589 3999 709 4061 lineata
723 3997 817 4059 suerit
839 3996 964 4073 discite,
980 3995 1084 4078 deque
1100 3995 1201 4056 beata
1216 3995 1283 4058 Dei
1299 3996 1398 4058 Geni-

351 4101 440 4164 tricis
455 4099 578 4163 auxilio
601 4098 714 4161 devote
730 4096 898 4160 confidite:
926 4095 1003 4178 quia
1025 4116 1097 4178 quae
1114 4095 1197 4157 lacte
1213 4095 1297 4177 virgo
1313 4097 1400 4180 pavit

351 4203 514 4266 bominem
531 4201 649 4278 Deum,
663 4202 784 4282 absque
800 4199 987 4262 difficultate
1009 4197 1104 4281 hujus
1123 4197 1243 4259 laboris
1257 4209 1398 4259 nostrum

351 4317 458 4388 potest
473 4302 648 4386 adimplere
664 4300 868 4364 desiderium.
911 4301 1005 4364 Tunc
1025 4297 1178 4362 audacter
1198 4319 1335 4381 pergens
1358 4299 1398 4362 ad

351 4405 502 4489 stipitem,
512 4403 665 4485 populum
680 4401 874 4476 hortabatur,
886 4420 950 4483 quo
963 4419 1087 4461 summo
1099 4399 1266 4462 conamine
1277 4402 1399 4463 trabem

352 4507 384 4570 in
400 4506 569 4590 superiora
583 4505 755 4577 traherent,
765 4525 830 4566 non
841 4503 1026 4566 haesitantes
1036 4501 1075 4563 do
1088 4499 1286 4582 longitudine
1302 4503 1398 4570 illius.

351 4609 435 4672 Mox
451 4608 546 4690 plebs
557 4607 686 4669 suffulta
695 4606 775 4670 tanti
788 4605 891 4669 Patris
906 4603 1039 4681 auxili0,
1049 4603 1144 4667 corde
1157 4602 1272 4667 devoto
1286 4605 1400 4669 Domi·
