3759 5425
467 501 509 556 50
825 507 1044 555 s.sturra1.as1
1062 505 1163 552 traua

467 665 571 739 cibus,
595 677 628 728 et
655 662 788 726 monitis
814 661 1049 738 obsecundans,
1072 659 1113 724 ad
1136 679 1296 722 summum
1320 655 1522 737 virginitatis

468 767 627 848 fastigium
653 765 805 842 anhelat;
838 764 894 848 qui
917 763 1045 847 prolixa
1068 773 1247 845 temporum
1273 756 1525 842 intercapedine,

468 867 587 950 pariter
600 867 634 929 in
651 866 841 929 castimonia
856 867 929 929 Deo
946 877 1068 928 tantum
1089 875 1171 928 teste
1186 863 1308 926 vixisse
1322 861 1476 934 feruntur,
1491 869 1527 921 et

467 965 503 1028 in
533 963 635 1046 rigido
661 975 780 1027 sanctae
805 962 1055 1026 conversationis
1085 963 1251 1045 proposito
1274 983 1348 1024 eum
1369 959 1524 1024 virtutum

467 1067 672 1132 incrementis
704 1085 936 1147 usquequaque
970 1065 1261 1147 prosperabantur;
1297 1063 1357 1125 suh
1386 1081 1524 1145 quorum

468 1168 662 1249 magisterio,
685 1165 734 1228 ad'
751 1165 867 1229 Christi
894 1163 1004 1241 fidem,
1027 1175 1059 1226 et
1081 1174 1303 1247 contemptum
1328 1162 1440 1225 mundi
1462 1181 1523 1224 nu·

470 1291 596 1335 merosa
606 1270 773 1352 utriusque
784 1289 883 1330 sexus
897 1282 1023 1329 caterva
1038 1266 1207 1343 confluxit,
1219 1285 1356 1348 eumque
1372 1261 1525 1326 secundis

470 1372 654 1435 meritorum
674 1369 876 1431 successibus
899 1369 932 1429 in
957 1367 1099 1451 practica
1122 1368 1320 1449 pollesceret,
1341 1366 1524 1428 horrentem

469 1472 591 1536 heremi
613 1470 791 1532 vastitatem
814 1467 984 1550 adgressus
1004 1468 1198 1532 Theoricam
1217 1467 1449 1532 anachoreseos
1465 1485 1524 1529 sx-

472 1573 573 1636 ercuit
593 1572 701 1645 vitam,
723 1571 858 1634 infinitis
883 1592 903 1632 a
925 1590 1000 1632 vero
1026 1582 1260 1634 remuneratore
1283 1571 1434 1634 virtutum
1451 1589 1524 1652 pro·

472 1674 569 1756 digiis
594 1674 737 1737 donatur.
784 1673 869 1735 Nam
896 1671 1027 1754 quidam
1046 1669 1242 1753 juvenculus
1264 1671 1369 1734 rabidi
1392 1669 1526 1734 molossi

471 1776 617 1851 rictibus,
630 1775 666 1837 in
684 1774 844 1838 vesaniam
865 1793 986 1850 versus,
1001 1772 1130 1836 strictus
1152 1772 1358 1836 cathenarum
1374 1771 1527 1849 nexibus,

475 1877 518 1941 ad
542 1898 616 1940 eum
637 1875 809 1955 deductus,
829 1886 973 1940 actutum
996 1875 1216 1938 incolumitate
1235 1875 1371 1959 pristina
1390 1874 1528 1937 donatus

474 1991 530 2044 est
577 1978 700 2044 Sedes
722 1977 908 2042 conditione
931 1978 1023 2061 prius
1043 1979 1241 2060 interposita,
1261 1988 1298 2040 ut
1320 1975 1527 2061 pauperculae

474 2082 602 2165 direpta
628 2091 662 2144 et
690 2081 881 2164 depeculata
909 2081 1105 2144 muliercula
1134 2079 1347 2144 redderentur.
1406 2082 1449 2142 At
1477 2079 1529 2142 illi

474 2183 637 2267 stropham
660 2183 693 2243 in
722 2181 834 2244 abdito
857 2192 1070 2265 perpetratam
1097 2182 1292 2265 Prophetica
1313 2181 1429 2244 virtute
1451 2201 1526 2265 pro-

474 2284 626 2367 palatam,
647 2295 879 2361 cognoscentes
904 2303 954 2358 ea,
977 2303 1049 2366 qum
1071 2281 1183 2346 frauda
1205 2284 1389 2364 abegerant,
1411 2290 1528 2365 sponte

475 2387 656 2452 restituunt.
716 2384 783 2448 Sed
805 2397 837 2446 ct
858 2383 938 2446 illud
962 2385 1107 2462 strictim,
1129 2395 1162 2449 et
1183 2385 1364 2449 summatim
1386 2404 1529 2447 comme-

476 2487 677 2566 morandum,
700 2485 788 2570 quod
811 2485 876 2548 duo
898 2485 1031 2570 quidam
1054 2485 1175 2550 dolium
1198 2507 1232 2550 se
1255 2487 1324 2550 viro
1346 2487 1410 2549 Dei
1440 2485 1529 2550 dela-

475 2600 564 2654 turos
575 2588 868 2674 sposponderuut‚e
880 2589 1000 2671 quibus
1011 2590 1099 2666 alter,
1112 2589 1187 2653 dum
1198 2590 1344 2672 pollicita
1355 2589 1529 2665 fefellisset,

476 2693 646 2756 abeuntem
670 2689 802 2771 gibbum
822 2689 929 2753 amisit
949 2690 1127 2755 camelum:
1163 2690 1245 2756 alius
1263 2692 1422 2776 promissa
1440 2712 1529 2755 com-

476 2792 580 2875 plens,
594 2790 694 2855 asello
709 2791 831 2874 sospite
845 2791 1025 2874 perfruitur.
1070 2792 1199 2865 Quanta
1213 2814 1289 2858 vero
1305 2796 1347 2859 sit
1360 2794 1529 2878 pudicitie

477 2890 586 2968 virtus,
609 2910 652 2952 ex
681 2890 743 2953 hoc
773 2890 974 2954 manifestius
996 2893 1144 2975 liquebit,
1166 2894 1254 2979 quod
1284 2896 1331 2959 vir
1355 2896 1418 2959 Dei
1447 2894 1527 2959 dum

478 2991 621 3055 Nilotica
651 2991 783 3072 gurgitis
811 2992 932 3055 fluenta
960 2995 1094 3057 transire
1127 3007 1295 3078 satageret,
1325 3007 1358 3061 et
1391 2998 1531 3082 spoliare

477 3111 514 3155 se
536 3092 652 3155 melote
668 3102 702 3154 et
723 3091 871 3156 amiculis
892 3095 1106 3173 erubesceret,
1120 3118 1162 3161 ne
1183 3096 1374 3179 pudibunda
1388 3100 1532 3182 corporis

479 3190 609 3257 nuditas
624 3204 656 3255 et
670 3192 827 3257 indecens
842 3194 1041 3259 obacoeuitas
1065 3211 1172 3261 castos
1192 3198 1369 3263 offenderet
1390 3202 1533 3277 obtutus,

479 3294 645 3377 extemplo
681 3295 714 3356 in
745 3293 923 3358 citeriorem
954 3298 1037 3361 alvei
1073 3300 1244 3381 marginem
1282 3298 1389 3363 diviua
1417 3300 1533 3363 virtute

481 3400 652 3463 translatus
666 3397 796 3479 legitur,
818 3409 851 3460 et
865 3418 906 3461 ne
920 3398 985 3463 hoc
1001 3398 1188 3463 incredibile
1206 3400 1358 3479 videatur,
1373 3412 1534 3465 memento

480 3501 617 3585 qualiter
642 3501 778 3563 Abahuc
809 3498 939 3563 discifer
968 3522 1145 3567 messorum
1166 3501 1287 3565 fercula
1311 3524 1330 3565 e
1351 3502 1468 3569 Judaa
1488 3502 1533 3567 ad

482 3602 654 3666 Chaldaeos
669 3600 826 3682 Angelico
849 3602 948 3665 fretus
963 3604 1083 3679 officio,
1098 3604 1132 3666 iu
1155 3614 1277 3688 puncto
1293 3606 1445 3689 temporis
1458 3626 1532 3688 per·

478 3702 595 3765 niciter
616 3701 777 3774 detulerit,
799 3712 832 3763 et
851 3700 885 3764 in
909 3700 1037 3765 leonum
1059 3704 1135 3767 lacu
1156 3702 1339 3768 rudentium
1361 3716 1533 3789 pertenta
1644 3720 1645 3735 ¹

479 3814 629 3866 terrarum
667 3802 843 3879 intervalla,
871 3801 1052 3867 famelicum
1084 3804 1148 3868 Dei
1186 3804 1378 3889 Prophetam
1408 3807 1529 3873 affatim

480 3905 614 3989 paverit,
642 3915 675 3967 ct
710 3903 847 3967 ubertim
883 3904 1087 3985 saginaverit.
1148 3907 1256 3990 Hujus
1291 3909 1401 3992 itaquo
1428 3910 1530 3973 Amos

481 4006 625 4089 spiritum
648 4006 812 4069 Antonius
836 4006 1003 4084 heremita,
1026 4028 1100 4071 cum
1126 4009 1265 4073 carnalis
1287 4010 1439 4091 ergastuli
1459 4010 1529 4074 rin·

481 4108 565 4171 culis
592 4106 834 4187 enodaretur,a
864 4110 1006 4173 coelestis
1035 4110 1156 4173 militiae
1186 4111 1353 4197 manipulo
1382 4112 1530 4176 astriferis

479 4211 587 4275 inferri
602 4213 754 4275 coelorum
769 4213 949 4295 agminibus
964 4215 1144 4297 conspexit.

525 4312 720 4377 xxxvm.
743 4314 902 4397 Tempore
926 4316 1146 4381 scelestissimi
1167 4316 1301 4393 Juliani,
1322 4315 1378 4401 qui
1402 4319 1443 4382 ab
1465 4316 1528 4383 Ec·
