3759 5425
506 776 568 833 356
741 789 1010 841 vimacensem
1027 790 1160 837 rsmcro
1176 790 1344 836 AUCTORE.

507 942 656 1004 relatores
677 943 709 1003 in
726 942 834 1004 ouirno
850 963 1006 1005 conemur
1023 944 1155 1009 reddere
1177 946 1326 1020 similes3
1347 955 1525 1006 veruntamen

507 1040 592 1126 quod
619 1043 795 1128 majoribus
809 1044 842 1106 io
867 1054 930 1107 tam
956 1046 1097 1109 maximo
1121 1068 1216 1130 opere
1243 1048 1355 1124 licuit,
1368 1046 1402 1109 iu
1425 1041 1525 1105 minim

507 1144 602 1207 nobis
615 1145 734 1207 intimis
750 1158 782 1207 et
796 1160 901 1209 mmen
917 1144 1070 1210 lidclibus
1084 1148 1213 1211 licuisse
1226 1147 1374 1211 fideliter
1386 1146 1527 1228 opinnnu.

509 1246 600 1309 Alios
615 1268 743 1331 quoque
758 1247 875 1309 multos
890 1247 1007 1310 divinis
1019 1248 1147 1330 paginis
1160 1260 1193 1311 et
1204 1248 1390 1331 Scripmris
1402 1246 1477 1309 idem
1487 1243 1528 1303 hec

510 1348 614 1427 egisse
629 1348 818 1431 reperimus:
843 1358 906 1409 tres
925 1369 1002 1426 vero
1016 1361 1151 1427 tantum,
1169 1370 1253 1433 quos
1276 1371 1380 1433 supra
1392 1346 1529 1429 posuimts

510 1449 587 1512 fidei
602 1450 780 1529 integritate
803 1448 990 1523 catholicos,
1005 1450 1146 1512 moribus
1161 1461 1194 1512 et
1213 1472 1317 1533 opere
1340 1446 1530 1516 sanctissimos

510 1551 625 1613 imitari
653 1550 713 1627 hac
738 1552 771 1613 in
797 1572 841 1625 re,
868 1550 1014 1632 quamvis
1039 1552 1135 1633 longe
1158 1551 1360 1629 incedendo,
1385 1571 1440 1632 pro
1465 1563 1530 1629 pose

511 1663 619 1713 nostro
637 1652 793 1735 cupimus.

554 1752 633 1815 Cae.
657 1754 684 1815 l.
708 1752 853 1815 Familia
876 1753 979 1832 regio,
993 1753 1115 1832 studia,
1128 1754 1360 1829 monachatus,
1373 1760 1407 1813 et
1427 1745 1530 1812 Allotit
1564 1735 1574 1840 'l

511 1854 732 1917 πωπω-Μ
750 1855 852 1919 sancti
868 1856 963 1936 igitur
984 1854 1125 1917 Aldclmi
1148 1857 1377 1937 genealogiam
1399 1854 1529 1915 necamus

512 1956 687 2036 ingenium,
703 1970 736 2018 et
751 1980 808 2040 pro
824 1977 917 2040 posse
931 1959 1028 2020 nobis
1049 1979 1068 2019 a
1086 1959 1157 2019 Deo
1173 1956 1260 2034 dato,
1275 1979 1321 2020 ex
1346 1976 1413 2039 qua
1425 1953 1462 2016 sit
1474 1963 1530 2010 mus

512 2057 697 2139 propagine,
713 2060 923 2140 explicemus.
969 2060 1034 2122 Hic
1050 2060 1144 2140 iffl'tur
1165 2060 1253 2141 regia
1269 2061 1375 2143 stirpe
1391 2048 1528 2119 descendit
1564 2043 1569 2142 l

511 2180 530 2219 a
554 2155 737 2219 elatissimis
762 2168 856 2219 iratus
882 2159 1149 2241 progenitoribus,
1176 2159 1435 2240 orthodoxaeque
1455 2149 1529 2226 religi·
1564 2151 1571 2256 ;

513 2258 582 2321 onis
598 2257 767 2320 verissimis
782 2258 997 2323 indesinenter
1008 2260 1200 2323 cultoribus:
1224 2261 1348 2344 quibus
1360 2271 1444 2320 tanto
1454 2250 1528 2316 exunt
1563 2259 1569 2284 '

512 2362 545 2423 in
562 2359 624 2423 lide
639 2360 774 2422 lucidior
789 2372 821 2422 ct
843 2381 939 2443 opere
960 2360 1061 2423 divini
1084 2360 1189 2423 cultus
1211 2360 1396 2443 pretiosior,
1410 2364 1528 2441 quantun
1565 2305 1574 2438 l

513 2484 585 2525 rosa
609 2462 792 2547 exquibus
817 2461 916 2524 oritur
941 2462 1054 2544 spinis,
1078 2474 1111 2524 et
1132 2463 1191 2525 llos
1211 2464 1272 2524 lilii
1294 2461 1387 2525 unde
1411 2451 1526 2535 turgescit

512 2564 633 2647 cespite
649 2563 786 2646 proprio.
832 2561 941 2646 Hujus
957 2561 1117 2645 siquidem
1131 2564 1293 2646 praeclaras
1307 2560 1431 2627 sobolis
1439 2553 1527 2634 angle
1565 2503 1574 2630 l

512 2685 581 2728 rum
612 2687 668 2728 rex
705 2666 763 2727 lna
797 2664 1061 2748 sapientissimus,
1095 2666 1221 2747 firlgcns
1249 2665 1317 2728 vita
1347 2674 1381 2728 et
1408 2658 1525 2724 moabie·
1572 2682 1574 2696 ¹

512 2767 607 2828 bellis
628 2766 863 2829 strenuissimus
886 2781 917 2828 et
939 2767 1045 2829 clarus
1068 2767 1246 2845 virtutibus,
1268 2780 1426 2850 quantum
1446 2759 1526 2823 attinet
1566 2705 1574 2823 l

513 2866 555 2929 ad
581 2867 701 2947 regiam
724 2867 961 2941 sublimitatem,
985 2867 1045 2928 fuit
1069 2867 1271 2950 principium.
1317 2868 1416 2931 Istius
1438 2874 1523 2924 nomtss
1567 2898 1574 2999 q

513 2969 660 3030 Primatis
684 2969 817 3030 multum
845 2967 1011 3042 eximium,
1035 2968 1179 3031 secundo
1203 2971 1277 3031 loco
1305 2969 1432 3032 fratrem
1456 2960 1523 3024 tune
1566 3011 1571 3021 .

513 3069 654 3142 Kenteo,
671 3069 770 3132 virum
786 3070 935 3152 probum,
951 3070 1119 3132 sanctitate
1135 3071 1267 3146 lautum,
1283 3071 1445 3134 honestate
1461 3077 1522 3134 1⁰³8·

511 3169 653 3246 uilicum,
668 3168 897 3253 antiquissimis
917 3169 1106 3249 Anglicanae
1120 3169 1239 3251 lingum
1261 3169 1427 3233 schedulis
1439 3159 1524 3242 sapiet

513 3291 554 3332 ex
569 3269 741 3352 interprete
755 3268 893 3351 legendo
916 3268 1104 3331 audivimus.
1150 3270 1214 3340 Qui
1230 3271 1381 3353 Apostoli
1400 3271 1524 3352 precept

512 3372 603 3434 Pauli
626 3370 803 3455 adimplere
826 3370 968 3447 studens,
982 3371 1096 3433 virtute
1117 3393 1183 3434 nou
1206 3371 1333 3435 modica
1360 3374 1459 3436 Deum
1479 3376 1523 3443 p1²

512 3475 659 3536 omuibus
685 3485 844 3549 metuens,
868 3472 901 3533 in
929 3470 1040 3533 uxoris
1071 3483 1167 3534 castae
1197 3473 1324 3536 vivebat
1353 3469 1468 3555 copula
1501 3457 1522 3519 ls

511 3573 660 3658 equidem
690 3594 756 3634 non
792 3571 914 3635 idcirco
949 3571 1062 3633 uxoris
1090 3573 1230 3636 intrabat
1264 3573 1522 3645 cubiculumque

511 3677 625 3753 carnis,
641 3688 676 3739 ut
697 3674 794 3736 moris
817 3685 866 3736 est
887 3672 1099 3756 quorundam,
1114 3695 1262 3737 exercere
1285 3687 1417 3758 cuperet
1429 3661 1522 3733 deside

510 3779 610 3852 rium;
647 3776 704 3840 sed
735 3786 780 3851 ut,
810 3773 1082 3860 quemadmodum
1111 3775 1292 3839 Samuelem
1322 3779 1428 3848 Anna,
1453 3767 1521 3831 llll?m
1568 3788 1574 3899 q

510 3889 674 3962 generaret
689 3878 799 3954 filiam,
814 3877 880 3959 qui,
895 3888 931 3938 ut
946 3876 1111 3960 Scriptura
1126 3876 1231 3954 docet,
1247 3887 1313 3940 tota
1327 3875 1426 3940 animi
1439 3871 1521 3932 virute
1572 3940 1574 3966 Ι

510 3981 657 4062 diligeret
687 3979 871 4042 Dominum.
918 3979 1000 4041 Vota
1030 3977 1169 4062 denique
1199 3977 1269 4062 ejus
1299 3979 1390 4041 Deus
1416 3995 1453 4038 ex
1476 3967 1521 4029 21¹0
1569 3972 1572 4011 ³

508 4081 720 4167 prospiciens
735 4081 818 4144 sicut
833 4079 873 4143 de
895 4081 1070 4143 beatissimi
1093 4082 1221 4143 Nicolai
1242 4081 1420 4145 reverendis
1438 4088 1521 4175 partlj
1572 4109 1574 4170 q

510 4185 595 4248 tibus
617 4183 742 4264 legitur,
757 4182 843 4244 hunc
869 4181 928 4243 sibi
952 4179 1043 4244 dedit
1064 4181 1318 4265 filium,qualem
1338 4182 1520 4266 hujusmet
1571 4170 1572 4181 ¹

509 4287 656 4370 opusculi
683 4286 774 4347 vobis
801 4270 990 4346 monstrabit
1011 4285 1160 4348 intentio:
1191 4305 1285 4367 quem
1311 4292 1520 4367 temporem
1571 4311 1574 4364 q

508 4409 587 4468 grue
605 4386 744 4448 fidelium
761 4381 965 4446 assuetudine
980 4383 1054 4446 Deo
1068 4384 1102 4445 in
1118 4385 1256 4448 ccclesia
1275 4405 1331 4468 per
1346 4380 1518 4448 Sacerdotem
1567 4369 1571 4397 ⁴

508 4508 622 4550 manus
639 4487 759 4549 devote
781 4485 906 4562 obtulit,
921 4485 1251 4568 catecltumenmuque
1272 4486 1340 4549 fieri
1363 4474 1521 4570 postularit:

509 4585 561 4644 cui
580 4603 644 4642 nou
668 4586 789 4662 absque
813 4583 923 4643 divino
946 4594 1024 4644 nutu
1048 4585 1228 4647 aldelmum
1252 4607 1369 4648 nomeu
1394 4575 1519 4670 imposuit
