3759 5425
491 703 532 761 30
847 719 871 764 s.
889 717 1066 762 senescau
1083 717 1185 763 mnan

490 869 673 952 complevit,
683 870 738 952 qui
753 869 957 952 ingrediendi
973 881 1005 934 et
1019 870 1205 951 egrediendi
1220 880 1401 954 pertenere
1415 871 1543 953 pueruli

489 971 579 1033 labra
601 969 742 1033 certatim
766 972 851 1035 vices
877 971 1129 1056 frequentabant.
1175 973 1223 1036 Ac
1247 973 1375 1035 demum
1399 973 1543 1053 genitore

488 1073 659 1136 Ambrosio
679 1085 828 1136 eventum
846 1075 893 1136 rei
914 1074 1181 1156 praestolantem
1200 1075 1328 1151 Vernae,
1350 1095 1423 1158 quae
1443 1075 1541 1138 altrix

489 1173 620 1237 infantis
642 1173 753 1251 suerat,
774 1195 815 1237 ne
845 1173 1048 1256 abigerentur
1076 1175 1265 1258 imperante,
1287 1177 1435 1260 supernis
1464 1177 1542 1240 coeli

490 1275 673 1338 climatibus
682 1295 745 1358 par
755 1274 873 1338 ethera
888 1277 1052 1339 avolantes
1062 1275 1247 1340 catervatim
1256 1274 1438 1340 mortalium
1453 1279 1543 1341 visus

489 1379 668 1461 atrsugiunt
713 1379 825 1450 Qualis
840 1387 948 1442 autem
957 1378 1007 1440 vel
1023 1388 1164 1460 quantus
1178 1377 1265 1442 idem
1280 1377 1464 1442 Patriarcba
1479 1379 1542 1442 vir·

490 1491 593 1546 tutum
619 1481 720 1562 gloria
749 1491 782 1544 et
806 1482 1031 1544 miraculorum
1062 1479 1164 1562 signis
1193 1480 1357 1557 effulserit,
1379 1482 1540 1544 neminem

488 1591 748 1664 reorexpertum,
758 1582 820 1644 nisi
835 1582 891 1663 qui
901 1592 992 1663 gesta
1004 1581 1255 1646 conversationis
1269 1583 1366 1660 illius,
1376 1583 1542 1647 aPaulino

488 1686 555 1748 viro
571 1685 744 1748 venerabili
761 1684 887 1766 digesta
900 1683 1061 1747 didicerit.

532 1787 602 1848 Nec
632 1783 753 1869 pudeat
782 1783 902 1847 Christi
932 1783 1064 1846 coelibes
1086 1782 1203 1848 strictis
1224 1782 1386 1868 pudicitiae
1411 1788 1540 1870 legibus

486 1888 638 1953 lascivam
675 1897 798 1952 naturae
834 1887 1045 1970 petulantiam
1083 1897 1264 1950 coartantes
1301 1909 1539 1973 corporeosque

486 1991 703 2056 titillationum
726 2001 834 2072 gestus
857 1989 947 2051 velut
970 1987 1146 2052 indomitos
1167 1990 1312 2072 bigarum
1342 1991 1537 2076 subjugales,

486 2093 608 2156 serratis
630 2092 817 2154 salivaribus
840 2091 1035 2154 refrenantes
1057 2091 1212 2154 Turonici
1243 2093 1404 2157 reminisci
1426 2093 1539 2160 Ponti·

488 2195 568 2268 licis,
586 2215 679 2278 quem
701 2205 871 2277 antequam
893 2194 1110 2274 regenerantis
1130 2195 1239 2276 gratiae
1253 2197 1348 2259 vulva
1368 2197 1540 2279 parturiret

486 2309 518 2360 et
532 2296 729 2361 sacrosancti
750 2295 955 2378 ltaptismaris
973 2295 1155 2360 rudimenta
1176 2305 1388 2378 cognosceret
1401 2297 1433 2360 iu
1451 2308 1537 2362 cate·

486 2399 716 2462 chumenorum
742 2397 854 2480 gradu,
878 2406 911 2460 et
933 2399 1185 2481 competentium
1208 2411 1292 2464 statu
1316 2400 1431 2484 stipem
1454 2420 1536 2484 pau·

485 2501 625 2584 perculis
661 2499 874 2584 porrigentem
908 2519 1108 2583 agapemque
1146 2501 1316 2582 egentibus
1351 2513 1536 2584 erogantem

485 2623 559 2666 cum
574 2612 738 2666 noctumae
755 2600 897 2663 membra
911 2599 1013 2683 quieti
1033 2599 1176 2664 dedisset
1190 2603 1321 2666 coeleste
1342 2603 1450 2666 beavit
1463 2624 1535 2667 ora·

486 2707 605 2783 culum,
628 2704 747 2790 quique
776 2723 835 2787 pro
857 2699 976 2785 adepta
1004 2702 1199 2783 integritatis
1228 2726 1349 2768 corona
1370 2718 1403 2768 et
1430 2705 1537 2769 fausta

485 2806 684 2887 virginitatis
712 2806 823 2882 infula,
846 2824 943 2887 quam
965 2804 1053 2867 velut
1081 2806 1186 2887 regale
1209 2804 1358 2869 diadema
1378 2826 1417 2869 ac
1446 2828 1535 2888 gern-

484 2916 586 2969 matas
601 2903 847 2988 crepundiorum
862 2903 1001 2982 lunulas,
1015 2903 1186 2969 indefessis
1201 2906 1320 2969 viribus
1340 2921 1425 2971 meta
1438 2918 1535 2971 tenus

485 3028 608 3071 servare
639 3007 816 3087 satagebat,
847 3006 934 3069 miris
963 3006 1113 3070 virtutum
1149 3008 1251 3089 signis
1279 3009 1437 3073 effulsisse
1466 3030 1535 3073 me·

485 3120 633 3172 moratur.
686 3109 818 3171 Etenim
849 3108 1073 3172 catechumeni
1103 3110 1250 3188 cadaver,
1272 3131 1368 3195 quem
1397 3110 1476 3190 dira,
1499 3124 1535 3175 ut

485 3210 608 3290 dicunt,
624 3211 756 3275 fortunae
779 3211 927 3275 ferocitas
949 3222 981 3275 et
1002 3232 1170 3295 parcarum
1192 3214 1364 3294 grassatrix
1386 3234 1453 3277 non
1475 3214 1535 3277 ulli

483 3322 670 3395 parcentum
693 3312 844 3377 atrocitas
865 3313 965 3374 immo
986 3313 1102 3394 gelidae
1121 3314 1232 3377 mortis
1256 3313 1464 3377 inclementia
1483 3334 1533 3377 re·

483 3415 663 3496 generantis
693 3415 801 3496 gratiae
831 3415 1040 3479 Sacramenta
1069 3415 1241 3499 privatum,
1269 3416 1441 3500 perniciter
1475 3438 1533 3501 op·

482 3526 650 3601 presserat,
676 3517 717 3581 de
746 3528 838 3601 porta
866 3517 978 3580 mortis
1005 3518 1185 3581 redivivum
1210 3519 1313 3582 erexit
1340 3518 1381 3582 ad
1411 3520 1534 3584 lumina

482 3622 566 3684 vitre.
612 3620 703 3683 Alios
717 3639 847 3703 quoqne
862 3618 958 3681 binos
973 3618 1095 3682 crudeli
1109 3620 1220 3683 mortis
1234 3630 1320 3683 meta
1334 3621 1486 3685 multatos
1501 3634 1534 3687 et

482 3724 601 3806 optatis
616 3723 689 3786 vitae
711 3719 871 3784 manubiis
888 3720 1041 3803 spoliatos
1064 3719 1105 3784 de
1126 3722 1287 3785 latebroso
1301 3720 1382 3784 lethi
1403 3723 1532 3787 baratro

483 3834 515 3887 et
529 3825 625 3887 trucis
640 3824 748 3886 tartari
767 3832 923 3886 tormento
939 3823 1004 3885 voti
1026 3845 1161 3907 compos
1175 3824 1308 3888 reduxit
1327 3823 1369 3887 ad
1387 3845 1532 3908 superos.

481 3926 654 3989 Procerum
677 3924 854 3988 frondentis
876 3924 946 4007 pini
968 3926 1107 4009 stipitem
1129 3926 1236 3989 vetitis
1257 3946 1454 4008 paganorum
1478 3950 1532 3993 ce·

481 4025 631 4097 remoniis
652 4025 851 4109 deputatum,
871 4026 1019 4108 quamvis
1037 4026 1169 4111 obliqua
1185 4029 1337 4092 reclinem
1362 4041 1533 4095 curvatura

481 4128 584 4191 crebri
598 4130 780 4191 accolarum
796 4127 956 4211 bipennes
972 4129 1115 4192 certatim
1131 4127 1339 4209 succiderint,
1353 4131 1533 4214 intrepidus

480 4227 702 4291 nutabundum
732 4228 869 4311 aspexit,
891 4238 924 4290 et
953 4228 1075 4311 fragore
1096 4230 1264 4292 horrisono
1293 4231 1532 4297 cassabundum

481 4330 676 4412 contempsit
704 4330 846 4413 pellaces
868 4329 1009 4393 Anatolii
1037 4331 1211 4395 nebulonis
1236 4332 1427 4414 prestigias,
1448 4354 1532 4417 quas

479 4430 648 4494 lividorum
685 4430 885 4496 fraudulenta
922 4432 1108 4495 aemulorum
1138 4432 1235 4497 factm
1263 4434 1352 4497 mille
1388 4434 1532 4499 nocendi

481 4532 603 4598 artibus
633 4541 755 4597 armata
784 4543 911 4596 ostenso
942 4533 1066 4597 fallacis
1093 4534 1183 4617 pepli
1212 4534 1353 4599 ludibrio
1374 4534 1532 4600 audacter
