3759 5425
674 690 830 737 eersrocu
845 692 889 737 au
902 690 1078 751 acrncrou,
1094 689 1165 736 erc.
1376 672 1435 733 ast

529 838 588 893 Nec
598 838 672 893 fonte
681 839 799 913 (inquit)
809 841 883 895 labra
893 840 978 915 prolui
990 838 1137 904 caballino,

529 924 588 977 Nec
599 925 627 977 in
639 925 746 996 bicipite
757 927 901 980 somniasse
914 925 1044 978 Parnnsso

527 1008 642 1062 Memini
654 1026 705 1063 me.

387 1124 493 1186 omnis
501 1134 671 1189 metrormu
681 1128 762 1191 ratio
773 1135 977 1205 monstratur,
985 1136 1017 1188 et
1026 1125 1081 1209 qui
1090 1144 1199 1187 rerarrs
1210 1121 1439 1201 monoschemi,

387 1224 445 1307 qui
465 1225 687 1308 pentaschemi
702 1228 752 1290 vel
767 1228 825 1312 qui
840 1226 1059 1303 decaschemi,
1072 1247 1147 1291 cum
1163 1224 1279 1308 viginti
1301 1235 1437 1309 quatuor

388 1324 599 1406 temporibus,
614 1335 753 1409 excepto
770 1326 798 1389 si
812 1325 955 1390 trochaeo
971 1324 1191 1403 terminentur,
1204 1323 1264 1387 rite
1278 1322 1438 1388 dicantur.

432 1424 506 1488 Hac
533 1423 691 1508 tripartita
724 1425 950 1510 descriptionis
975 1426 1126 1491 normula
1157 1425 1263 1488 omnis
1296 1424 1438 1489 Heroica

386 1522 563 1589 hexametri
578 1526 783 1607 versificatio,
798 1528 849 1591 vel
864 1547 1056 1592 crcsurarum
1078 1525 1204 1590 wando
1218 1525 1439 1610 principaliter

386 1634 528 1689 constat:
552 1626 629 1692 licet
651 1627 898 1713 synalepharum
919 1629 1008 1693 velut
1028 1627 1177 1711 quiedam
1192 1627 1436 1709 conglutinatio,

386 1738 420 1789 et
448 1727 584 1811 explosa
610 1728 790 1793 collisionis
816 1727 1034 1793 additamenta
1060 1729 1173 1791 crebro
1204 1726 1291 1811 apud
1317 1727 1434 1791 Poetae

386 1827 532 1910 Lyricos,
547 1839 579 1891 ct
599 1827 761 1912 Satyricos
775 1829 968 1893 necessitate
989 1827 1082 1891 metri
1095 1828 1348 1911 interponantur,
1363 1850 1436 1912 quac

386 1930 525 1993 maxime
548 1952 590 1993 ex
614 1932 778 1997 vocalibus
799 1930 898 1995 literis
920 1933 969 1995 vel
990 1930 1123 2015 syllabis
1142 1930 1358 1994 semivocalim
1373 1938 1435 1994 ter·

386 2031 515 2097 minatis
530 2033 712 2116 gignuntur.
746 2035 819 2099 Hac
835 2044 985 2118 utrasque
999 2034 1021 2099 J
1022 2033 1118 2097 unius
1140 2027 1305 2095 Juvenalis
1325 2031 1437 2117 quinto

386 2132 558 2199 Satirarum
573 2135 668 2215 libro,
682 2136 779 2200 unius
792 2156 903 2201 versus
918 2145 1026 2201 tenore
1041 2135 1137 2199 dmul
1152 2134 1238 2198 elisit
1252 2132 1381 2199 dicens:

429 2234 578 2313 Omenta,
607 2245 643 2299 nt
671 2236 775 2315 video,
803 2237 927 2301 nullum
958 2235 1132 2301 discrimen
1162 2234 1348 2299 habendum
1374 2245 1437 2298 est·

385 2335 576 2401 Scuuditur:
599 2354 693 2399 ornes
708 2336 899 2422 Spondaeus,
914 2342 965 2399 tut
977 2336 1050 2399 mue
1065 2335 1225 2418 Dactylua
1236 2356 1295 2419 per
1305 2336 1437 2418 Synale·

384 2435 483 2518 pbam
498 2454 517 2498 o
531 2436 591 2499 nul
605 2437 798 2522 Spondaeus,
809 2437 877 2500 lum
892 2436 945 2499 dis
956 2435 1140 2520 Spondaeus
1150 2434 1274 2497 crimen
1288 2434 1333 2498 bo
1347 2437 1434 2500 Dac-

384 2538 471 2619 tylus
485 2536 571 2599 bend
581 2545 631 2601 est
644 2538 827 2623 Spondaeus
841 2560 899 2622 per
913 2536 1141 2621 Synalepham.

385 2638 509 2703 Rursus
523 2639 610 2703 idem
624 2640 772 2724 Lyricus,
787 2640 844 2703 lib.
859 2640 919 2701 IV.

526 2738 661 2793 Bellorum
670 2739 789 2794 excubie
800 2740 898 2792 truncis
910 2737 995 2792 affixa
1007 2737 1119 2810 tropaeis·

383 2835 555 2900 Scanditur
576 2837 637 2901 ita:
665 2835 767 2915 Bello,
788 2854 848 2900 rea
869 2835 943 2898 etti
964 2857 1023 2921 per
1044 2834 1277 2919 synalepham,
1298 2849 1327 2894 α
1351 2840 1437 2909 trun,

382 2939 432 3000 cis
445 2937 495 3016 ιγ’,
502 2936 579 3018 fleo
594 2947 678 3020 trop,
692 2941 760 3002 raab.
806 2939 859 3003 Sic
877 2941 1020 3003 Anuaeus
1039 2938 1202 3016 Lucanus,
1215 2933 1436 3002 Cordubensis

383 3049 492 3123 poete,
505 3060 570 3102 uno
586 3059 688 3114 versu,
703 3039 778 3103 libri
793 3040 891 3118 VIII,
905 3039 957 3102 bis
972 3038 1058 3102 elisit
1072 3037 1201 3102 dicens:

525 3137 615 3200 Quare
626 3137 707 3206 agite,
719 3137 804 3192 Eoum
815 3139 923 3192 comites
934 3153 1101 3210 properemus
1112 3137 1140 3190 in
1150 3137 1249 3190 orbem.

386 3234 509 3298 Rursus
524 3233 611 3298 idem
624 3235 681 3298 lib.
697 3235 740 3297 X.
757 3234 820 3300 ait:

525 3329 596 3384 Hinc
608 3335 682 3398 tergo
693 3329 818 3385 insultant
829 3331 943 3403 pedites,
954 3332 997 3384 vis
1007 3328 1080 3383 nulla
1091 3329 1180 3384 salah.

386 3419 430 3482 Et
444 3417 535 3483 alibi:

524 3515 705 3586 Extremoque
717 3515 807 3588 epulas
818 3533 975 3586 mensasque
985 3520 1105 3588 petemus
1116 3517 1151 3569 ab
1163 3514 1234 3569 orbe.

385 3603 483 3668 Unde
498 3605 620 3670 Paulus
635 3606 785 3678 Quaestor
799 3605 883 3670 elisit
897 3626 930 3668 m
945 3605 1069 3668 literam
1084 3605 1149 3670 itar

523 3701 680 3756 Tartaream
690 3703 718 3755 in
730 3702 823 3756 sedem
833 3703 951 3772 sequeitur
961 3716 1029 3754 nora
1039 3707 1121 3772 nupta
1131 3701 1264 3754 maritum.

427 3791 482 3854 Sic
504 3791 600 3855 etiam
622 3791 771 3875 Prosper,
785 3801 882 3875 poeta
903 3800 936 3854 et
957 3789 1076 3868 rhetor,
1090 3791 1124 3853 in
1142 3791 1226 3854 libro
1241 3809 1339 3874 quem
1353 3795 1435 3878 Epi·

383 3897 559 3968 grammata
569 3887 821 3971 protittdarcrat,
832 3885 968 3952 eandem
980 3887 1106 3953 literam
1116 3889 1167 3952 bis
1178 3889 1303 3954 elisisse
1314 3914 1436 3977 cogno·

383 3989 482 4054 scitur
495 3988 627 4054 dicens:

523 4085 585 4140 Non
594 4092 708 4160 coeptcm
719 4092 766 4140 aut
777 4092 891 4150 auctum,
901 4101 955 4138 non
965 4085 1008 4139 bic
1019 4087 1146 4142 mutabile
1156 4089 1294 4160 quicquam
1304 4097 1355 4144 ast.

386 4177 482 4238 Item:
505 4175 588 4240 insra

522 4273 669 4329 Gelestem
678 4276 712 4328 ad
724 4278 835 4348 patriam
846 4275 957 4330 tendens
968 4293 1095 4345 cognosce
1106 4283 1249 4332 meantem.

383 4380 465 4442 Haec
489 4379 602 4443 eadem
625 4381 811 4465 synalaepha
832 4379 979 4443 versibus
999 4379 1131 4464 Sibyllae
1148 4381 1308 4447 Postridie
1330 4385 1434 4448 conti·

383 4491 486 4559 netur,
502 4502 575 4565 quar
590 4482 652 4544 sit:

521 4579 597 4632 Tunc
609 4578 654 4633 ille
667 4579 749 4633 eterni
761 4581 859 4652 species
871 4577 1044 4651 pulcherrime
1056 4583 1141 4649 regni.
