3759 5425
657 682 813 733 arrarum
829 682 1149 743 snscraorurr,rro.
1367 668 1432 729 989

381 838 469 902 Ioco
485 838 600 922 primo,
614 840 707 904 tertio
722 852 755 905 et
769 839 894 924 quinto,
910 838 1092 923 dactylum:

523 936 651 991 Omnibus
663 938 690 990 in
701 937 773 1007 liguo
784 938 876 991 tribuit
885 954 989 1009 spmare
1001 937 1123 993 saluum.

366 1033 471 1113 ¹Loco
486 1031 604 1117 primo,
619 1044 731 1119 quarto
746 1042 779 1099 et
793 1035 906 1119 quinto
921 1035 1104 1119 dactylum:

522 1138 555 1192 In
566 1157 640 1195 muco
651 1140 771 1195 confixus
777 1141 834 1213 jam
845 1141 940 1195 secula
950 1142 1035 1214 prisca
1045 1142 1158 1196 nonrit.

379 1236 468 1301 Loco
483 1235 637 1315 secundo,
651 1238 743 1303 tertio
758 1247 790 1301 et
805 1248 929 1321 quarto,
945 1238 1126 1322 dactylum:

521 1342 649 1397 Mrmdurn
655 1344 713 1415 jun
723 1344 871 1397 veneranda
883 1343 935 1397 Dei
947 1341 1050 1398 soboles
1060 1342 1181 1397 salmrit.

378 1439 469 1503 Loco
484 1438 637 1515 secundo,
652 1440 747 1503 tertio
762 1450 795 1504 et
808 1440 933 1523 quinto,
949 1439 1135 1523 dactylum:

520 1544 626 1599 Christo
636 1544 828 1599 concelebretur
837 1545 919 1599 bonor
929 1547 975 1617 qui
985 1546 1064 1600 sesols
1071 1548 1207 1615 gubernet.

380 1642 469 1706 Loco
484 1642 641 1721 secundo,
655 1656 769 1727 quarto
784 1653 817 1706 et
831 1644 956 1728 quinto,
971 1643 1155 1728 dactylum:

522 1748 628 1803 Christo
638 1748 802 1803 concelebret
813 1749 940 1821 praeconia
952 1748 1042 1803 debita
1051 1749 1172 1803 mundus.

380 1848 471 1911 Loco
485 1847 578 1910 tertio
593 1854 625 1911 et
639 1854 751 1930 quarto
765 1855 799 1908 et
812 1844 937 1927 quinto,
952 1845 1134 1930 dactylum:

518 1952 630 2023 Emptas
642 1951 756 2015 Christo,
767 1949 950 2004 concelebrans
960 1969 1024 2005 caue
1034 1953 1159 2017 earmina,
1170 1954 1290 2007 mrmdus.

420 2070 464 2134 D.
481 2073 621 2136 lnvorsu
632 2071 687 2135 xri
698 2073 891 2155 syllabarum
901 2083 980 2155 quot
990 2072 1152 2137 schemata
1163 2072 1428 2139 continenter?-

378 2172 426 2235 M.
438 2170 588 2237 Totidem
598 2172 723 2257 species
730 2172 830 2236 habet
838 2182 919 2257 quot
926 2173 961 2236 in
971 2173 1123 2238 tredecim
1128 2174 1197 2259 jam
1207 2173 1429 2260 patefecimus,

377 2271 412 2336 id
427 2283 477 2336 est
491 2274 645 2358 quinque.

422 2375 465 2437 D.
488 2376 542 2438 Da
555 2374 668 2439 horum
683 2375 883 2439 schematum
898 2386 1085 2458 argumenta
1099 2396 1140 2439 ex
1154 2376 1246 2439 libris
1261 2384 1428 2439 auctorum

377 2476 503 2559 prolata
514 2472 618 2539 i—M.
642 2476 793 2540 Lucanus
806 2476 889 2540 libro
904 2475 1015 2539 tertio:

586 2596 738 2651 Fractarum
750 2597 835 2650 subito
846 2597 941 2649 ratium
952 2596 1052 2668 periere
1063 2595 1146 2647 ruins.

378 2707 549 2776 Scanditur
571 2711 673 2775 enim:
697 2709 807 2775 fracta.
823 2732 893 2774 rum
913 2708 997 2774 suhi.
1013 2717 1046 2774 ta
1065 2706 1134 2772 rati.
1149 2729 1205 2772 um
1218 2708 1297 2794 peri.
1313 2730 1365 2775 ere
1380 2732 1427 2774 ru.

376 2812 442 2878 ina.
458 2820 492 2876 ct
505 2812 684 2876 notandum
698 2811 787 2897 quod
806 2812 860 2875 hic
879 2831 992 2875 versus
1013 2820 1046 2873 et
1066 2810 1174 2874 caeteri
1196 2810 1320 2874 similes
1340 2811 1428 2895 apud

375 2912 526 2978 metricos
548 2911 726 2978 laudabiles
747 2913 917 2991 habentur,
931 2911 988 2975 uhi
1010 2931 1174 2993 nunquam
1195 2911 1229 2974 iu
1256 2912 1426 2977 scansione

376 3015 501 3095 integra
528 3034 604 3097 pars
632 3012 786 3078 orationis
811 3011 971 3097 dirempta
994 3012 1158 3096 reperitur,
1182 3013 1267 3077 sicut
1294 3011 1328 3076 iu
1358 3013 1428 3079 aliis

376 3113 576 3178 schematum
598 3113 765 3178 ordinibus
786 3115 897 3178 crebro
921 3113 1093 3178 iuvenitur.
1137 3113 1259 3180 Paulus
1281 3114 1429 3186 Quaestor

375 3215 410 3278 in
425 3213 597 3298 gratiarum
610 3215 736 3280 actione
752 3215 815 3279 ait:

516 3337 651 3392 Oceanum
662 3337 756 3410 rapidis
766 3336 886 3407 linquens
896 3343 1069 3410 repetensque
1079 3339 1227 3409 quadrigis:

375 3449 527 3532 Virgilius
541 3449 576 3512 in
591 3448 777 3514 Bucolicis:

517 3555 632 3624 Pergite,
644 3554 771 3620 Pierides,
783 3555 904 3610 Chromis
915 3561 945 3608 et
955 3554 1086 3608 Mnasilus
1096 3555 1124 3608 iu
1134 3561 1222 3609 miro:

374 3668 503 3732 Persius
518 3669 655 3732 Flaccus
668 3667 755 3731 binis
769 3669 914 3733 versibus
922 3667 1046 3753 junctis
1061 3666 1125 3729 ait:

514 3773 610 3828 Nonne
622 3773 727 3843 quidem
737 3773 785 3827 hoo
796 3773 889 3828 studeo
899 3771 1028 3845 populatis
1037 3777 1069 3825 ut
1078 3771 1144 3824 mihi
1153 3773 1232 3840 nugis

515 3857 618 3927 Pagina
628 3863 759 3925 tergescat
770 3859 832 3913 dare
843 3857 945 3930 pondus
955 3856 1049 3910 idonea
1058 3855 1137 3910 sumo.

374 3973 501 4055 ltaque,
512 3971 638 4035 sicutin
646 3989 741 4032 versu
749 3970 902 4033 tredecim
916 3968 1110 4051 syllabarum
1122 3967 1270 4052 dactylus
1280 3965 1424 4053 quinque

372 4073 454 4138 locis
469 4073 646 4150 invertitur,
660 4071 707 4134 ita
727 4069 762 4133 in
784 4071 847 4134 hoo
870 4069 1012 4134 sedecim
1034 4069 1229 4152 syllabarum
1251 4066 1426 4150 spondeus

373 4171 488 4236 iisdem
500 4174 582 4236 locis
594 4174 749 4235 alternare
760 4171 977 4254 cognoscitur,
989 4179 1022 4233 et
1036 4169 1186 4234 dicuntur
1200 4168 1423 4253 pentaschemi

373 4281 504 4357 propter
516 4272 673 4356 praedicta
688 4271 831 4356 quinque
846 4269 1020 4335 schemata.

416 4374 460 4438 D.
493 4373 683 4438 Eorundem
713 4373 911 4437 schematum
941 4369 1067 4453 species
1097 4391 1169 4453 quae
1199 4367 1312 4436 ordine
1340 4392 1423 4456 prse-

374 4487 502 4558 postero
539 4474 676 4558 poeticis
713 4475 855 4537 versibus
895 4471 1027 4555 prolatae
1064 4483 1150 4553 sunt,
1185 4493 1243 4560 per
1278 4472 1422 4540 ordinem
