3759 5425
665 761 709 806 DE
725 761 892 807 utuntuus
907 759 1091 808 VIRGINUH.

448 911 608 976 clancula
622 912 763 996 virginea
777 914 926 998 pandens
942 914 1092 996 mysteria
1106 914 1206 977 clave.
1224 905 1228 910 ’

448 1016 607 1100 Tempore
621 1037 697 1082 nam
713 1017 853 1102 quodam
868 1039 927 1102 per
943 1038 1089 1081 somnum
1106 1017 1235 1080 faemina
1251 1014 1352 1078 sensit

451 1116 586 1181 Munere
601 1119 751 1183 virtutum
768 1139 863 1204 quam
878 1121 976 1202 pleno
991 1117 1147 1204 praeditus
1162 1127 1256 1193 esset,

452 1217 586 1282 Scilicet
600 1228 742 1302 optatam
758 1218 833 1283 dnm
850 1218 987 1304 sumpsit
1003 1239 1099 1282 carne
1117 1217 1285 1282 medelam.

451 1319 635 1392 Quamlibet
649 1331 725 1385 ante
740 1343 872 1403 gemens
887 1331 1025 1404 gestaret
1041 1319 1137 1384 corde
1153 1320 1325 1403 querelam.

491 1422 668 1506 Imperium
683 1423 806 1486 mundo
821 1423 937 1486 florens
952 1443 1026 1486 cum
1042 1423 1148 1484 Roma
1164 1430 1296 1497 teneret,

448 1523 552 1606 Atque
567 1525 759 1604 gubernaret
772 1543 942 1605 regnorum
958 1534 1085 1606 sceptra
1100 1543 1157 1606 per
1171 1521 1292 1596 orbem,

449 1623 663 1707 Temporibus
678 1625 801 1690 faustus
815 1625 1016 1690 Benedictus
1030 1625 1145 1689 clausit
1158 1623 1276 1701 lsdem,

448 1726 549 1799 Quem
567 1728 657 1791 Deus
672 1727 825 1794 Ausoniae
838 1729 983 1792 clemens
997 1725 1173 1791 indulserat
1187 1734 1316 1790 auctor:

451 1827 496 1890 Ut
509 1829 668 1910 populum
684 1828 820 1893 Domini
834 1826 1004 1892 vadentem
1021 1828 1146 1892 tramite
1160 1837 1248 1892 recto

450 1927 557 1992 Ferret
571 1928 614 1992 ad
628 1930 740 1993 aeterni
755 1929 871 1993 ductor
886 1929 1020 2012 vestigia
1034 1928 1141 2011 regniz

448 2029 550 2102 Quem
565 2032 654 2115 prius
668 2034 833 2097 abstrusus
847 2032 941 2096 smvis
957 2032 1154 2095 anfractibus
1169 2053 1254 2096 error

447 2129 561 2195 Traxit
574 2132 617 2195 ad
631 2133 748 2197 inferni
764 2133 912 2198 torrentis
925 2143 1043 2197 tartara
1056 2133 1157 2215 nigra.

448 2230 543 2315 Saepe
558 2243 765 2316 tyrannomm
780 2234 929 2299 contrivit
943 2234 1064 2318 templa
1078 2233 1228 2316 priorum,

448 2333 513 2406 Qui
528 2334 695 2399 dominum
708 2337 793 2400 lucis
806 2337 978 2400 tenebroso
995 2335 1092 2399 corde
1106 2336 1278 2417 negabant.

448 2434 529 2499 Mox
545 2435 590 2498 ibi
605 2435 752 2518 defigens
767 2437 910 2502 victricia
925 2436 1018 2519 signa
1033 2436 1156 2514 salutis,

447 2535 500 2599 Sic
517 2536 610 2599 miles
625 2537 746 2601 Christi
761 2537 887 2603 devicto
901 2539 994 2602 hoste
1011 2536 1198 2620 triumphat,

448 2637 624 2701 Basilicam
639 2639 782 2703 Domino
797 2653 978 2704 restaurans
993 2638 1063 2702 aede
1078 2647 1198 2702 renata.
1285 2639 1287 2643 ’

450 2739 530 2812 Quis
543 2740 668 2820 modus,
682 2754 739 2808 aut
752 2765 914 2820 numerus,
928 2744 980 2806 vel
995 2753 1079 2806 certe
1095 2742 1239 2805 calculus
1254 2739 1355 2805 index

449 2840 634 2926 Explanare
650 2846 733 2909 valet
746 2846 878 2910 virtutes
892 2846 981 2908 illius
996 2845 1131 2927 amplas,

448 2943 528 3015 Qnae
562 2945 729 3010 modulum
764 2959 797 3012 et
831 2967 1000 3012 numerum
1036 2944 1199 3009 excedunt
1233 2964 1292 3026 pro
1329 2946 1413 3009 mole

579 3057 749 3128 gestomm.

449 3148 597 3233 Namque
612 3150 821 3215 cadaveribus
835 3150 993 3217 reddebat
1006 3153 1129 3217 lumina
1142 3152 1274 3229 bractis,

451 3249 531 3320 Quoe
546 3249 660 3332 gelidae
675 3254 785 3317 mortis
799 3274 858 3338 per
872 3252 936 3316 vim
951 3255 1078 3319 fortuna
1092 3265 1232 3319 necarat.

453 3350 573 3414 Anditu
587 3353 711 3433 surdos,
725 3365 758 3419 et
772 3355 907 3420 claudos
921 3358 1084 3439 gressibus
1099 3370 1199 3421 omat.

449 3452 598 3533 AEgrotos
612 3466 738 3538 vegetat
751 3458 965 3520 membrorum
981 3459 1102 3521 viribus
1114 3477 1246 3537 augens.

450 3553 614 3621 Damonis
628 3578 715 3621 arma
729 3558 855 3639 fugans,
868 3580 1008 3622 necnon
1024 3571 1057 3623 et
1068 3559 1193 3642 spicula
1207 3557 1369 3637 srsrrgens,

449 3655 610 3722 Hostibus
624 3660 770 3741 explosis
784 3669 939 3723 restaurat
955 3660 1064 3723 saucia
1078 3658 1185 3723 corda

450 3759 532 3821 Nam
548 3759 752 3844 capisterium
766 3760 917 3824 rimamm
931 3761 1085 3842 fragmine
1101 3771 1229 3843 mptum

451 3860 595 3938 Innovat,
611 3871 646 3924 ut
659 3860 770 3925 nutrix
784 3862 997 3943 lacrymarum
1013 3860 1147 3923 flumina
1162 3858 1252 3922 fudit.

449 3959 635 4025 Pestifemm
652 3962 797 4040 calicem,
812 3962 868 4046 qui
884 3961 994 4025 mortis
1009 3963 1128 4046 pocula
1143 3960 1257 4039 cinxit,

449 4061 600 4125 Porrecto
615 4063 701 4145 mpit
714 4060 830 4127 dextra
843 4082 902 4145 per
916 4063 1010 4144 signa
1024 4064 1145 4127 salutis.

450 4161 504 4226 Sic
520 4163 617 4225 etiam
634 4164 803 4245 chalybem
818 4163 1005 4247 prolapsum
1022 4163 1145 4246 gurgite
1160 4162 1263 4226 Gothi
1301 4228 1303 4233 ,

448 4265 500 4328 Ad
513 4263 663 4348 proprios
677 4264 792 4327 iterum
801 4262 901 4347 jussit
915 4284 1055 4327 remeare
1070 4264 1214 4327 lacertos.

453 4367 559 4431 Primo
574 4367 632 4451 qui
647 4367 760 4431 statuit
774 4376 891 4430 nostrae
906 4367 1082 4430 certamina
1096 4366 1181 4439 vitae,

449 4469 594 4542 Qualiter
609 4480 751 4553 optatam
766 4478 898 4532 teneant
913 4468 1064 4532 coenobia
1078 4487 1232 4545 normam,

450 4571 588 4657 Quoque
603 4568 702 4633 modo
716 4581 866 4654 properet
881 4569 1005 4634 directo
1020 4570 1144 4635 tramite
1160 4580 1301 4649 sanctus,
