3759 5425
423 726 485 785 als
709 739 867 786 arrsroea
882 739 925 786 au
940 737 1116 801 acrncrnu,
1132 741 1205 788 erc.

422 893 598 970 translatio,
613 893 842 957 bicameratam
856 893 1008 972 leguntur
1026 914 1133 958 arcam
1150 895 1304 977 gregatim
1323 897 1479 978 ingressa.

422 995 609 1078 Septenaria
630 993 775 1056 similiter
800 995 973 1078 pignorum
993 995 1059 1058 Job
1085 996 1236 1078 prosapia
1257 997 1290 1060 iu
1316 997 1478 1082 principio

421 1095 495 1158 libri
508 1093 598 1177 quod
611 1115 707 1177 prosa
720 1094 905 1158 contexitur
917 1104 951 1158 et
959 1093 1115 1178 deinceps
1127 1097 1306 1162 secuudum
1319 1100 1478 1164 Hehroeos

422 1197 554 1279 dactylo
569 1193 787 1279 spondaeoque
798 1193 954 1259 scandere
965 1195 1073 1274 fertur,
1084 1207 1116 1260 et
1129 1208 1254 1280 septem
1265 1199 1476 1282 lanigerarum

423 1295 584 1382 pecudum
600 1295 762 1379 descripta
775 1315 900 1360 summa
913 1307 1089 1360 narrantur.
1135 1299 1323 1384 Rursusque
1337 1300 1371 1362 in
1386 1301 1477 1364 calce

423 1397 595 1462 voluminis
608 1396 696 1460 idem
706 1396 887 1460 bidentium
899 1418 1051 1462 numerus
1062 1396 1105 1462 ad
1116 1399 1380 1464 remunerandam
1388 1400 1476 1463 illus-

421 1499 479 1564 tria
507 1499 671 1582 patientiae
705 1500 845 1582 palmam
877 1501 913 1562 in
952 1499 1087 1585 duplum
1121 1503 1287 1566 restitutus
1320 1502 1479 1585 praedicta

423 1601 644 1684 mysteriorum
676 1618 794 1662 arcam
822 1599 1044 1683 praefigurasse
1073 1607 1274 1664 monstratur.
1326 1602 1477 1685 Denique

423 1703 526 1767 isaias
555 1721 760 1785 nequaquam
794 1722 870 1785 pars
903 1703 1018 1766 ultima
1051 1702 1321 1786 prophetantium,
1352 1713 1477 1788 septem

421 1815 593 1877 matronas,
622 1802 682 1864 sub
717 1808 795 1884 typo
830 1812 953 1886 septem
990 1800 1209 1881 ecclesiarum,
1238 1802 1341 1866 virum
1376 1823 1476 1867 unum

423 1901 687 1986 apprehendisse,
718 1901 882 1965 Christum
913 1900 1065 1965 videlicet
1098 1902 1275 1966 coelestium
1306 1916 1339 1966 et
1367 1915 1477 1968 terres-

422 2005 517 2069 trium
542 2003 824 2081 reconciliatorem,
848 2015 1057 2068 contestatur.
1101 2006 1186 2070 Eliae
1212 2018 1330 2085 autem,
1354 2011 1476 2074 scelera

421 2107 533 2191 populi
563 2103 702 2169 crudelis
737 2107 927 2171 lamentanti
957 2118 990 2170 et
1022 2109 1189 2190 lugubrem
1219 2109 1475 2174 interfectionem

420 2207 661 2272 vaticinantium
693 2207 914 2289 conquerenti,
944 2206 1059 2272 divinis
1089 2207 1211 2272 dictum
1241 2221 1290 2274 est
1318 2213 1475 2276 oraculis:

421 2307 552 2391 Reliqui
573 2306 654 2369 mihi
675 2317 800 2390 septem
821 2307 922 2371 millia
943 2309 1081 2372 viromm
1104 2310 1245 2393 quinon
1266 2327 1476 2377 curvaverunt

423 2429 529 2490 genua
553 2419 627 2472 ante
657 2408 749 2485 Baal,
779 2407 835 2490 qui
865 2407 942 2470 dum
973 2409 1093 2472 orbatae
1124 2408 1300 2474 Sunamitis
1330 2413 1474 2476 sobolem

421 2508 562 2574 crudelis
586 2509 666 2572 lethi
689 2520 773 2573 sorte
799 2509 938 2592 sopitam
962 2511 1081 2593 septies
1106 2521 1193 2574 artus
1219 2513 1351 2577 artubus
1376 2533 1474 2576 mem.

420 2612 540 2694 braque
575 2610 726 2673 membris
760 2611 919 2692 copulans
954 2611 1171 2674 suscitaverat
1224 2610 1475 2696 Redemptorem

419 2713 538 2793 signat,
558 2733 661 2795 genus
679 2711 854 2776 humanum
872 2713 1049 2796 septiformi
1064 2712 1195 2796 spiritus
1209 2712 1312 2796 gratia
1325 2735 1345 2776 a
1360 2734 1473 2777 somno

419 2814 577 2878 scelerum
604 2822 638 2876 et
665 2813 738 2876 labe
760 2814 888 2895 peccati
914 2813 1142 2877 vivificantem.
1188 2802 1254 2877 sed
1281 2826 1313 2877 et
1338 2816 1472 2879 Macca-

419 2918 562 2979 boeorum
576 2934 731 2996 generosa
743 2915 964 2996 germanitatis
981 2916 1116 2998 pignora
1137 2936 1209 2999 quas
1230 2917 1290 2979 sub
1305 2916 1474 2997 tyrannica

420 3020 574 3085 Antiochi
612 3017 801 3083 monarchia
836 3019 967 3083 suillum
1004 3018 1179 3083 scrofarum
1212 3028 1474 3104 contempsemnt

419 3123 564 3188 edulium
620 3130 654 3184 et
701 3131 833 3204 propter
879 3120 1060 3184 divinarum
1107 3121 1215 3202 legum
1268 3121 1474 3185 caeremonias

419 3222 564 3307 ritusque
601 3231 742 3304 paternae
779 3218 959 3285 traditionis
999 3241 1131 3304 spurcas
1169 3221 1368 3285 ethnicorum
1405 3223 1472 3286 cul·

419 3335 506 3387 tures
542 3333 576 3387 et
611 3321 752 3406 profante
789 3322 895 3404 gentis
929 3320 1112 3386 idolothuta
1154 3322 1372 3407 repudiarunt,
1408 3343 1472 3386 non

418 3425 567 3489 inmerito
596 3422 813 3507 septiformem
834 3422 1025 3487 universalis
1046 3422 1194 3486 ecclesiae
1224 3423 1366 3507 speciem
1388 3444 1471 3507 prte-

419 3526 574 3609 frgurasee
595 3533 780 3586 noscuntur.
826 3522 914 3596 Quid
928 3524 1025 3587 etiam
1047 3524 1257 3607 proverbialis
1276 3523 1361 3603 aula,
1379 3523 1471 3608 cujus

417 3628 612 3693 architectus
641 3634 675 3688 et
703 3625 852 3710 pontifex
888 3626 1057 3709 sapientia,
1086 3626 1261 3689 Salomone
1291 3636 1472 3703 attestante,

417 3730 532 3811 legitur
560 3728 716 3806 extitisse,
738 3747 845 3790 nonne
867 3728 1012 3812 septenis
1034 3728 1254 3791 columnarum
1276 3726 1472 3792 fulcimentis

417 3833 533 3896 innixa
550 3840 754 3907 sustentabar,
770 3850 846 3892 cum
866 3829 1001 3892 infertur
1025 3829 1192 3913 Sapientia
1214 3828 1388 3893 aedificavit
1407 3828 1470 3893 sibi

418 3934 562 4009 domum,
574 3929 701 3995 excidit
721 3930 888 3994 columnas
907 3928 979 4012 ejus
994 3927 1137 4012 septem?
1182 3928 1322 3993 Cortinae
1339 3950 1469 4014 quoque

418 4033 617 4099 tabernaculi
638 4031 806 4116 purpureis
828 4031 906 4094 ostri
927 4041 962 4093 et
983 4031 1074 4094 cocci
1096 4031 1258 4095 coloribus
1283 4030 1416 4095 hecata
1439 4042 1471 4094 et

419 4136 553 4200 diversis
574 4134 756 4198 ansularum
778 4132 919 4195 nexibus
941 4130 1066 4196 adsuta
1095 4152 1205 4195 nonne
1226 4131 1471 4216 quadruplicato

418 4248 560 4320 septenae
575 4234 815 4318 supputationis
835 4234 972 4310 calculo,
987 4234 1051 4297 hoc
1067 4242 1115 4295 est
1129 4232 1279 4297 XXVIII
1298 4232 1416 4295 cubitis
1435 4233 1470 4296 in

417 4340 550 4419 longum
572 4334 829 4419 protenduntur?
868 4334 967 4408 Quod
981 4346 1087 4398 autem
1103 4334 1302 4417 septenarius
1315 4353 1470 4397 uumerus

418 4457 650 4520 nonnunquam
672 4436 802 4518 spiritus
823 4436 974 4520 paracleti
993 4435 1127 4518 gratiam
1150 4434 1400 4519 prefiguraverit
1420 4434 1469 4497 in·

419 4539 544 4603 terdum
576 4558 650 4600 vero
686 4536 801 4619 priscae
833 4536 914 4617 legis
947 4536 1120 4617 imaginem
1157 4536 1345 4618 praetulerit,
1378 4556 1469 4600 sacra
