3759 5425
508 745 663 796 ,suenrus
680 747 834 796 srrsrous
851 751 894 796 aa
910 754 1067 799 sonoras
1084 757 1283 802 auouruau.
1355 744 1414 802 113

360 905 509 988 Quaeque
525 905 582 968 fari
600 904 778 969 sublimiter
907 907 988 971 Odis
1003 908 1100 993 hujus
1115 910 1281 975 inormiter

361 1007 508 1088 Surgens
522 1027 641 1090 nempe
657 1006 827 1090 prolixitas
909 1009 1062 1092 Refragat
1076 1023 1173 1095 atque
1189 1011 1333 1076 vastitas.

358 1105 439 1171 Tibi
454 1109 541 1171 salus
555 1129 612 1191 per
626 1109 745 1172 saecrrla
906 1111 1027 1193 Sospes
1042 1113 1082 1174 ab
1098 1133 1201 1195 usque
1216 1115 1343 1176 macula

363 1206 499 1272 Maneat
512 1209 730 1272 immortaliter
904 1212 984 1275 Fine
999 1223 1093 1276 tenus
1108 1214 1249 1276 feliciter.

764 1392 857 1437 stulu
872 1393 1020 1438 GARMEN.

683 1655 807 1734 Incipit
826 1653 968 1718 Carmen
986 1655 1098 1718 Aliud.

363 1819 455 1892 Vale,
471 1819 552 1896 vale,
568 1815 729 1881 fidissime.
896 1817 1001 1896 Phile,
1016 1818 1138 1883 Christi
1153 1820 1326 1898 carissime,

363 1924 470 1995 Quem
485 1919 519 1981 in
534 1917 640 1982 cordis
655 1919 807 1982 cubiculo
904 1919 1009 2003 Cinge
1024 1921 1141 1984 amoris
1155 1921 1295 1998 viuculo,

364 2026 433 2088 Are
449 2022 546 2084 Hora
561 2019 714 2082 altissime
854 2009 856 2026 '
901 2020 987 2084 Olim
1004 2021 1099 2085 sudes
1113 2021 1326 2099 sanctissime,

362 2123 518 2189 Salutatis
532 2119 733 2205 supplicibus
906 2121 1100 2186 Ethelwaldi
1115 2144 1190 2187 cum
1204 2123 1347 2187 vocibus.

363 2227 424 2304 Te,
439 2235 470 2288 te
485 2225 581 2287 herus
594 2222 627 2284 in
644 2222 793 2285 omnibus
903 2223 1034 2287 Clarum
1049 2226 1167 2288 creavit
1181 2226 1319 2301 actibus,

363 2328 481 2392 Forma
495 2334 527 2388 et
540 2323 611 2387 visu
625 2323 758 2399 virilem,
901 2323 1001 2388 Facto
1016 2337 1049 2388 et
1064 2324 1151 2388 dicto
1166 2326 1310 2404 senilem,

363 2429 467 2492 Tuam
483 2426 622 2511 primum
635 2424 845 2508 propaginem
901 2425 964 2487 Per
978 2425 1167 2509 profundam
1183 2424 1367 2508 indaginem

359 2528 498 2593 Curiose
512 2525 670 2609 conjicere
897 2526 1018 2589 Mentis
1032 2534 1129 2610 atque
1144 2527 1303 2611 inspicere

363 2631 484 2696 Nullus
499 2629 583 2692 valet
599 2627 780 2691 volucribus
903 2629 1027 2691 Summi
1042 2630 1113 2690 caeli
1128 2629 1188 2690 sub
1202 2629 1352 2691 nubibus

360 2736 485 2799 Tamen
500 2732 640 2815 aggressi
656 2729 791 2812 gaudiis,
903 2732 1087 2815 Loquemur
1101 2752 1213 2814 pamm
1227 2730 1360 2815 trepidis

363 2838 497 2900 Summo
513 2844 615 2897 satore
631 2832 753 2896 sobolis
902 2832 998 2895 Satus
1013 2831 1100 2894 fuisti
1114 2831 1234 2895 nobilis

363 2939 532 3002 Generosa
545 2934 730 3018 progenitus
903 2934 1068 2998 Genitriee
1084 2933 1267 3018 expeditus,

363 3038 491 3103 Statura
506 3036 699 3121 spectabilis,
901 3034 995 3098 Statu
1009 3045 1042 3099 et
1055 3036 1155 3099 forma
1168 3037 1259 3118 agilis

363 3140 471 3224 Caput
485 3136 680 3203 candescens
696 3136 838 3200 crinibus
896 3136 1043 3218 Cingunt
1057 3136 1167 3222 capilli
1180 3138 1304 3203 nitidis.

364 3242 492 3305 Luceut
505 3241 565 3304 sub
580 3240 683 3301 fronte
697 3236 820 3301 lumina
898 3238 974 3301 Lati
989 3259 1049 3302 ceu
1062 3259 1121 3321 per
1136 3240 1278 3304 culmina

363 3337 778 3409 Oaelicandescuntcalida
901 3336 989 3402 Clari
1003 3340 1134 3422 fulgoris
1149 3341 1255 3405 sidera

362 3446 467 3509 Genea
484 3441 627 3524 gemellae
644 3440 782 3504 collibus
902 3440 1129 3504 Glomerantur
1142 3462 1217 3505 eum
1231 3443 1361 3520 ollibus,

362 3544 564 3610 Pedetentim
578 3562 738 3627 purpureo
900 3542 1000 3605 Pictae
1015 3541 1089 3606 fuco
1104 3552 1136 3606 et
1149 3544 1257 3607 niveo:

363 3648 453 3711 Rosa
466 3644 565 3709 veluti
579 3642 683 3707 rutilis
908 3641 1026 3706 Radiat
1040 3642 1131 3706 valde
1147 3643 1292 3707 flosculis

362 3750 466 3812 Aures
480 3746 661 3811 auscultant
675 3743 783 3807 omnia
906 3743 1014 3805 Verba
1028 3763 1072 3804 ex
1088 3763 1142 3805 ore
1158 3742 1286 3825 prodita

363 3850 449 3913 Almi
463 3847 707 3911 orisinuumera
902 3844 1078 3927 Nequeunt
1092 3841 1150 3905 fari
1163 3864 1295 3909 munera

362 3950 464 4013 Adest
477 3949 610 4012 verbosa
626 3945 783 4027 fulgidum
901 3943 1025 4027 Sophia
1040 3954 1073 4006 et
1088 3964 1184 4007 omne
1199 3944 1352 4010 lucidum.

362 4052 494 4126 Manus,
509 4070 624 4113 manus
639 4047 801 4111 mirabiles
903 4045 1044 4108 Multum
1059 4043 1160 4128 pedes
1174 4046 1351 4129 placabiles

359 4150 465 4216 Tibiae
481 4171 577 4215 cursu
592 4160 717 4225 teretes,
904 4146 1045 4210 Tantum
1059 4146 1157 4209 fortes
1170 4156 1208 4210 ut
1221 4147 1365 4232 sonipes:

361 4254 456 4337 Saepe
471 4259 648 4337 sequuntur
663 4250 809 4314 cursibus
904 4248 1061 4313 Salientes
1075 4248 1274 4331 praepetibus

362 4356 447 4419 Nam
462 4355 490 4418 si
504 4352 648 4417 centenis
664 4350 805 4414 clamitet
899 4348 1047 4432 Quisque
1060 4348 1158 4430 lignis
1172 4359 1204 4412 et
1218 4350 1336 4417 vocitet

361 4454 476 4520 Ferrea
490 4475 570 4518 voce
586 4452 762 4528 fremitans,
900 4449 1004 4513 Valde
1018 4460 1051 4513 et
1063 4470 1117 4513 ore
1132 4450 1291 4535 crepitans

361 4556 487 4641 Nequit
500 4576 577 4620 sane
592 4553 626 4617 in
642 4554 761 4616 seculo
903 4551 998 4615 Ullus
1013 4550 1071 4614 fari
1086 4553 1216 4615 oraculo

882 4668 893 4712 1
