3759 5425
465 748 528 807 822
739 759 896 807 urrerem
911 760 955 804 so
970 757 1146 818 icrscrnrr,
1161 757 1233 805 src.

465 915 631 999 deponens
646 916 822 1000 corripitru.
867 913 966 979 Unde
981 914 1111 998 querele
1125 911 1322 998 querimonis
1338 894 1518 987 derivatum

467 1018 550 1082 sicut
568 1018 603 1080 iu
625 1016 757 1081 historie
779 1016 1000 1081 ecclesiastice
1022 1026 1152 1080 ceumm
1174 1028 1242 1079 est:
1266 1015 1389 1079 Omnes
1411 1014 1518 1097 queri-

466 1120 644 1201 moniernm
655 1120 755 1183 libros
760 1119 859 1205 jussit
869 1116 1010 1181 incendi.
1044 1118 1519 1202 Seuutrequecorrumpuntur,

466 1218 618 1285 videlicet
645 1231 710 1283 tam
740 1219 924 1305 prepositio
954 1239 1049 1303 quum
1081 1218 1227 1304 subjecte
1256 1238 1331 1301 pers
1362 1228 1399 1281 ut
1426 1219 1517 1302 rapio

468 1321 618 1412 corripio,
640 1322 758 1386 mundo
780 1319 984 1397 commendo,
1006 1321 1130 1405 plector
1150 1320 1355 1404 complector.
1401 1319 1520 1385 Cicero

467 1422 551 1487 libro
572 1423 680 1487 XIII:
713 1424 815 1488 Nullo
836 1422 935 1486 modo
958 1443 1088 1505 possum
1111 1433 1166 1486 eut
1187 1421 1341 1486 memorie
1362 1424 1520 1507 consequi

468 1535 524 1589 sut
553 1524 696 1590 oratione
725 1525 915 1609 complecti:
952 1522 1039 1588 ledo
1073 1523 1192 1588 collido
1226 1523 1362 1588 collisio.
1422 1524 1521 1589 Unde
1645 1576 1646 1589 .

468 1639 583 1710 poeta·
610 1726 669 1781 Vix
679 1731 767 1780 temen
779 1723 861 1793 effugi
871 1726 934 1779 totis
946 1724 1035 1781 mlum
1045 1724 1176 1779 medullis.

468 1844 544 1907 rego
573 1825 708 1906 corrigo,
735 1826 809 1905 lego
838 1823 966 1905 colligo.
1017 1823 1182 1887 Interdum
1213 1844 1286 1886 vero
1316 1820 1429 1887 eedem
1458 1844 1522 1887 con

468 1926 642 2010 preposito
663 1948 686 1989 n
707 1925 830 1989 literam
852 1946 919 1988 non
940 1925 1127 2010 corrumpit,
1150 1924 1208 1988 sed
1229 1925 1362 1989 omuino
1384 1925 1521 2001 emittit3
1644 1974 1646 1987 .

469 2026 655 2110 sisequens
676 2048 750 2110 pers
772 2048 792 2091 a
817 2027 920 2093 vocali
941 2028 1085 2104 inchoet,
1111 2036 1147 2092 ut
1171 2039 1308 2090 aeternns
1330 2038 1520 2101 constemus,

469 2149 598 2194 coaevus
613 2140 806 2207 coaetaneus,
821 2131 1045 2215 coepiscopus,
1059 2150 1224 2207 coacervo,
1238 2139 1346 2192 coarto
1359 2151 1367 2191 :
1399 2128 1444 2192 Et
1463 2150 1521 2191 en·

471 2232 564 2312 gelus
578 2230 712 2294 Domini
732 2242 879 2295 cosrtnns
901 2252 976 2310 eos;
998 2231 1188 2297 Lactantius
1209 2230 1251 2295 sd
1266 2232 1522 2309 Demetrium,

470 2334 517 2397 Et
541 2333 615 2411 levi,
640 2332 756 2417 inquit,
785 2345 819 2396 et
842 2353 909 2397 non
940 2344 1049 2397 coerto
1079 2332 1192 2417 spiritu
1220 2334 1346 2417 quoties
1375 2334 1522 2397 volumus

471 2436 609 2501 efficitur
622 2456 707 2514 vox;
729 2436 877 2521 occipi03
898 2436 1071 2501 Terentius
1084 2436 1119 2499 in
1132 2434 1304 2521 Adelphis:

612 2543 705 2607 Recte,
717 2542 825 2615 edepol,
836 2558 912 2615 spero
922 2544 1001 2597 modo
1013 2542 1114 2597 dolores
1124 2549 1213 2597 mentm
1223 2544 1364 2617 occipiunt3

472 2651 571 2725 ceput
585 2640 717 2725 occiput
738 2640 891 2725 sinciput,
906 2661 949 2704 ex
972 2639 1099 2705 duobus
1121 2642 1290 2726 corruptis,
1304 2643 1340 2707 id
1356 2654 1406 2709 est
1429 2646 1524 2709 semis

473 2755 579 2828 ceput

516 2847 558 2910 In
587 2846 770 2930 propositio
792 2846 969 2930 corrumpit
989 2849 1098 2927 verbe,
1120 2860 1156 2913 ut
1175 2849 1260 2914 isoio
1282 2848 1405 2930 inficio,
1428 2853 1523 2936 cepio

472 2949 605 3031 incipio,
620 2948 747 3031 gradior
761 2947 968 3031 congredior3
990 2951 1110 3034 partior
1121 2951 1297 3036 impertior.
1335 2953 1384 3018 Ut
1396 2953 1523 3019 'Ilrllins

475 3049 590 3116 Cicero
604 3050 756 3115 Lucenus
769 3051 853 3114 libro
868 3050 1013 3116 decimo:

613 3151 699 3217 Atque
710 3145 799 3221 opifex
809 3166 897 3204 rernm
907 3155 978 3204 certo
990 3150 1038 3204 snb
1046 3151 1106 3222 jore
1117 3157 1234 3217 cosroet3

474 3243 621 3325 cohibeo,
636 3267 781 3332 coequo,
795 3248 943 3312 coalesco
958 3248 1008 3310 vel
1023 3248 1177 3314 inolesco.
1221 3250 1378 3333 Virgilius
1390 3275 1408 3332 ι

828 3353 930 3423 udoque
941 3354 1035 3408 docent
1045 3355 1186 3410 inolescere
1198 3356 1274 3412 libro.

477 3456 547 3537 Ago
561 3473 620 3537 per
633 3452 844 3538 synalepham
858 3472 952 3534 cogo,
962 3460 999 3516 ut
1012 3454 1090 3517 nolo
1105 3455 1202 3534 malo,
1212 3457 1302 3540 quod
1314 3459 1349 3522 in
1363 3463 1527 3543 preterito

477 3555 676 3621 manifestius
702 3555 804 3640 liquet
831 3554 933 3636 coegi.
982 3555 1031 3620 Re
1061 3557 1246 3639 praepositio
1275 3570 1330 3624 ant
1363 3563 1528 3628 subnexas

476 3657 655 3724 orationum
683 3665 791 3738 partes
819 3654 1003 3738 corrumpit,
1032 3664 1067 3718 et
1093 3655 1164 3739 ipss
1199 3654 1423 3725 detrimentum
1458 3684 1527 3728 non

477 3759 606 3843 petitur,
619 3766 656 3821 ut
670 3756 750 3820 selio
764 3755 879 3819 resilio.
923 3755 1063 3840 Prosper
1074 3757 1110 3820 in
1124 3759 1437 3842 Epigrammntibus:

619 3854 1083 3924 Similitmiserodegitinexilim

479 3947 573 4032 cepio
588 3947 706 4032 recipio
721 3945 828 4030 ceptio
843 3946 986 4030 receptio
1002 3959 1114 4032 ceptus
1128 3960 1288 4033 receptus,
1301 3951 1392 4035 sepio
1405 3953 1529 4039 resipio

478 4047 648 4134 resipisco,
662 4047 746 4112 secio
759 4047 882 4126 reticio,
895 4048 999 4112 iectus
1012 4049 1161 4131 reiectus,
1172 4072 1254 4116 ceno
1267 4053 1388 4134 recino,
1398 4055 1531 4136 gradior
1639 4063 1646 4074 “

479 4152 648 4236 regredior,
658 4162 763 4216 statuo
772 4151 916 4232 restituo,
925 4163 1064 4218 statutus
1077 4154 1252 4234 restitutus,
1268 4175 1377 4240 quaero
1387 4159 1529 4241 requiro,

480 4268 574 4320 teneo
584 4255 718 4330 retineo,
727 4263 819 4318 taceo
827 4254 958 4332 reticeo,
967 4256 1231 4339 premoreprimo,
1241 4277 1356 4341 spargo
1364 4279 1529 4342 respargo.

481 4360 547 4422 Aut
562 4357 675 4422 endem
688 4378 723 4421 re
738 4354 922 4441 praepositio
932 4358 960 4422 si
971 4356 1013 4422 sd
1024 4359 1120 4423 verbe
1131 4361 1327 4425 evocelibus
1336 4359 1530 4445 incipientia

480 4459 659 4537 accesserit,
670 4457 692 4522 d
702 4459 828 4522 literam
844 4460 956 4523 crebro
971 4458 1119 4539 adsumit,
1130 4471 1166 4524 ut
1180 4481 1251 4526 emo
1262 4459 1395 4539 redimo,
1406 4462 1529 4547 emptio

480 4556 668 4637 redemptio,
684 4569 810 4638 emptus
825 4557 1018 4642 redemptus,
1033 4581 1131 4641 arguo
1146 4561 1312 4644 redarguo,
1327 4585 1387 4646 ego
1403 4562 1530 4646 redigo,
