3759 5425
621 734 663 778 na
679 733 841 779 muornus
857 733 1091 780 vranrsrrsrrs.
1338 727 1382 783 29

328 905 477 968 soporem
493 886 637 961 solvitur,
650 886 702 949 cui
717 887 763 950 vir
775 887 845 951 vitae
862 889 1053 952 venerabilis
1064 889 1236 972 Sylvester,
1246 891 1381 974 septima

328 985 381 1048 die
399 985 519 1070 jejunii
541 986 591 1049 sui
613 985 715 1066 adest,
738 988 851 1052 iterum
867 989 898 1052 ei
920 989 954 1051 in
976 988 1099 1052 visione
1122 989 1252 1054 dicens:
1290 992 1381 1055 Anus

330 1085 506 1170 decrepita,
536 1088 599 1150 boc
631 1098 680 1151 est
709 1089 836 1166 civitas,
864 1089 900 1151 in
930 1111 995 1173 qua
1022 1102 1059 1153 tu
1088 1093 1220 1155 moraris
1249 1094 1381 1157 nomine

329 1193 538 1274 Byzantium,
553 1193 648 1278 cujus
663 1195 744 1257 muri
759 1195 827 1279 jam
843 1216 910 1278 prae
925 1204 1080 1260 vetustate
1095 1198 1279 1281 consumpti
1297 1209 1381 1275 sunt,

330 1302 364 1356 et
384 1315 470 1378 pene
497 1295 606 1358 omnia
632 1297 749 1360 moenia
772 1295 842 1381 ejus
864 1305 1065 1359 corruemnt:
1103 1295 1252 1360 Ascende
1273 1298 1382 1384 itaqua

330 1395 420 1456 illum
444 1416 564 1478 equum
586 1406 687 1476 tuum,
707 1397 741 1460 in
762 1419 827 1480 quo
849 1397 1035 1480 baptizatus
1055 1397 1089 1459 in
1111 1397 1193 1460 albis
1214 1399 1325 1462 sedisti
1346 1402 1382 1465 in

330 1495 411 1556 urbe
424 1495 542 1572 Roma,
557 1506 590 1559 et
604 1498 830 1579 Apostolorum
851 1508 884 1560 et
903 1507 1076 1581 martyrum
1095 1497 1207 1562 limina
1229 1500 1383 1580 circuisti,

331 1606 364 1660 et
378 1597 467 1659 bunc
483 1596 611 1674 sedens,
626 1607 700 1661 tene
715 1599 860 1661 labarum
875 1607 977 1676 tuum,
993 1599 1080 1682 quod
1095 1599 1189 1680 signo
1204 1602 1327 1667 Christi
1340 1625 1383 1668 ex

332 1719 411 1762 auro
441 1709 474 1762 et
503 1701 639 1781 gemmis
668 1709 717 1764 est
745 1700 878 1784 pictum.
938 1701 1013 1764 Hoc
1044 1701 1188 1764 labarum
1211 1714 1324 1768 tenens
1348 1707 1382 1770 in

332 1798 467 1862 dextera
497 1810 552 1863 tua
582 1799 707 1864 dimitte
735 1801 858 1864 frenum
885 1802 972 1885 equi,
994 1810 1029 1864 ut
1058 1823 1122 1885 quo
1151 1825 1226 1867 eum
1256 1805 1385 1871 duxerit

331 1902 478 1982 Angelus
493 1899 570 1980 Dei,
585 1903 662 1966 illuc
678 1916 739 1966 eat.
785 1903 836 1965 Tu
858 1914 966 1965 autem
981 1902 1084 1966 fixum
1099 1905 1268 1989 cuspidem
1282 1908 1384 1971 labari

330 2001 365 2064 in
387 2013 473 2065 terra
495 2003 540 2066 sic
563 2005 650 2067 trabe
673 2025 765 2082 cum;
802 2005 850 2068 Ut
871 2005 1014 2068 semitam
1036 2005 1134 2070 faciat
1153 2008 1303 2072 transitus
1322 2009 1385 2088 sui,

330 2125 388 2186 per
403 2123 504 2187 quam
518 2105 662 2167 semitam
679 2107 783 2170 extrui
798 2107 897 2170 facies
912 2127 1034 2180 muros;
1057 2118 1088 2170 et
1101 2109 1185 2172 banc
1200 2122 1384 2178 veteranam

331 2204 497 2267 civitatem
511 2217 544 2267 et
558 2227 641 2288 pene
655 2219 810 2271 mortuam
827 2207 860 2269 in
870 2206 1078 2290 juvenculam
1094 2212 1275 2291 suscitabis,
1290 2226 1323 2278 et
1336 2216 1384 2278 tui

331 2307 475 2370 nominis
497 2308 657 2372 vocabulo
679 2310 871 2388 nominabis,
894 2311 939 2373 ita
958 2320 993 2373 ut
1014 2312 1156 2394 reginam
1176 2315 1265 2378 illam
1284 2317 1385 2382 facias

332 2410 480 2472 omnium
503 2411 641 2474 urbium.
686 2413 759 2475 Erit
780 2413 866 2476 enim
888 2413 921 2475 in
948 2435 986 2477 ee
1008 2435 1124 2479 nomen
1149 2416 1283 2480 Domini
1304 2420 1385 2482 Jesn

332 2510 454 2575 Christi
469 2513 689 2594 magnificum,
698 2525 730 2578 et
743 2525 837 2578 erunt
849 2516 883 2578 in
899 2536 939 2579 ea
949 2516 1085 2600 Templa
1095 2519 1160 2581 Dei
1174 2518 1216 2582 ad
1231 2519 1385 2584 honorem

332 2617 477 2679 omnium
500 2616 691 2680 Sanctorum
714 2629 908 2696 constructa,
923 2633 956 2682 et
975 2619 1036 2682 filii
1059 2621 1104 2684 tui
1127 2634 1253 2704 postte
1275 2633 1308 2686 et
1326 2623 1386 2686 filii

332 2716 474 2781 filiorum
496 2730 623 2783 tuorum
644 2722 823 2803 regnabunt
842 2722 877 2785 in
897 2743 945 2785 ea.
991 2723 1158 2803 Evigilans
1177 2736 1283 2788 autem
1298 2726 1386 2790 Con·

333 2822 497 2883 stantinus
537 2821 643 2883 statim
680 2820 723 2885 ad
760 2822 945 2886 Ecclesiam
987 2823 1139 2907 perrexit,
1173 2825 1386 2912 indicansque

331 2921 505 3005 Episcopo
524 2921 664 2985 civitatis
686 2924 752 2986 viro
774 2932 887 2987 sancto
909 2924 1039 2987 nomine
1060 2924 1203 2991 Sisinnio
1225 2930 1385 2993 somnium

334 3022 420 3106 quod
443 3023 532 3107 prius
549 3023 681 3102 viderat,
696 3036 730 3088 et
749 3027 886 3089 offerens
901 3028 975 3089 Deo
996 3047 1139 3104 munera,
1155 3042 1188 3092 et
1209 3033 1385 3095 communi-

333 3146 412 3189 cans
428 3134 664 3189 sacramentum
676 3127 883 3191 Dominicum
898 3127 1044 3191 ascendit
1057 3150 1185 3213 equum,
1197 3142 1228 3195 et
1242 3135 1388 3216 perrexit

335 3248 491 3311 quocum
507 3226 602 3292 duxit
617 3230 759 3310 Angelus
781 3228 929 3305 Domini,
945 3238 1042 3311 atque
1061 3252 1120 3313 per
1136 3234 1264 3298 semitas
1284 3235 1385 3298 labari

334 3327 547 3391 fundamenta
562 3339 737 3391 creverunt.
783 3330 956 3412 Appellata
971 3345 1019 3394 est
1040 3342 1146 3395 autem
1167 3333 1280 3398 civitas
1299 3334 1386 3398 Con-

335 3430 480 3507 stantini,
502 3428 591 3511 quod
612 3428 729 3521 Graeco
749 3451 894 3494 sermone
914 3433 1138 3517 interpretatur
1159 3432 1387 3498 Constantino·

334 3531 431 3613 polis,
442 3550 544 3613 usque
559 3530 591 3593 in
604 3529 791 3594 hodiernum
805 3530 900 3595 diem.
938 3534 1040 3616 Igitur
1051 3533 1212 3617 Sylvester
1226 3547 1387 3600 transacto

336 3629 550 3695 Pontificatus
579 3631 688 3694 officio
719 3641 751 3694 et
775 3647 997 3698 consummato
1026 3636 1098 3698 vitre
1130 3636 1288 3699 curriculo
1312 3657 1386 3699 cum

335 3734 444 3817 palma
473 3733 677 3814 virginitatis
711 3735 831 3798 scalam
859 3735 963 3799 Jacob
1001 3736 1163 3801 scandens
1192 3739 1387 3820 Angelorum

337 3838 474 3901 cratibus
497 3834 693 3899 admiscetur
714 3846 746 3899 et
768 3836 863 3899 beato
886 3858 1096 3921 supernorum
1120 3839 1283 3902 consortio
1307 3840 1387 3904 soeli-

338 3939 416 4002 citer
429 3938 610 4022 perfruitur.

379 4040 506 4104 XXVI.
528 4038 735 4103 Ambrosium
757 4060 831 4103 vero
854 4040 984 4121 superni
1004 4042 1141 4105 nectaris
1161 4043 1320 4107 ambrosia
1338 4065 1388 4109 re·

338 4139 501 4204 dolentem
539 4140 600 4203 sub
630 4137 855 4202 taciturnitaris
884 4140 1064 4202 velamento
1100 4140 1286 4205 delitescere
1321 4164 1387 4207 non

338 4242 447 4323 patiar,
473 4238 567 4324 cujus
593 4238 778 4301 mellifluam
804 4235 989 4317 dogmatum
1012 4236 1215 4300 dulcedinem
1238 4249 1271 4301 et
1297 4262 1388 4323 pura

338 4340 538 4423 virginitatis
553 4338 795 4422 praerogativam
817 4338 955 4421 pulchra
974 4337 1129 4422 praesagia
1143 4339 1388 4421 portendebant.

338 4446 507 4530 Siquidem
524 4444 702 4507 infantulus
724 4464 796 4507 cum
812 4443 844 4505 in
869 4443 962 4505 cunis
983 4441 1121 4525 supinus
1142 4443 1329 4526 quiesceret,
1345 4468 1388 4511 ex

335 4544 507 4631 improviso
516 4564 656 4608 examen
666 4564 762 4627 apum
768 4563 824 4605 ora
832 4543 986 4625 labraque
994 4543 1062 4606 sine
1067 4543 1209 4626 periculo
1221 4546 1387 4626 pausantis
