3759 5425
584 816 661 862 VlTA
675 817 852 862 sinuatur
868 817 1000 863 ramulo
1016 817 1176 862 AUCTORE.
1340 806 1403 864 873

346 968 517 1053 (exceptis
531 968 582 1030 his
597 990 669 1051 quae
685 969 777 1052 plebs
786 990 926 1053 provaga
935 970 1005 1052 jam
1020 970 1054 1031 in
1069 969 1206 1032 officinis
1223 974 1402 1053 acceperat)

350 1077 453 1149 atque
466 1068 550 1130 viam
569 1066 731 1129 inhianter
745 1068 871 1149 profugi
893 1068 1061 1151 arripuere.
1108 1068 1161 1131 Sic
1178 1070 1298 1153 quippe
1313 1072 1405 1134 Deus

349 1168 463 1229 locum
476 1167 569 1230 illum
578 1167 722 1229 liberavit
736 1187 756 1229 a
770 1168 860 1230 rabie
877 1166 1091 1231 fraudatorum
1100 1188 1196 1251 prece
1212 1170 1262 1231 sui
1277 1170 1402 1235 famuli:

352 1268 464 1348 magni
484 1268 570 1330 enim
589 1265 676 1349 apud
691 1268 798 1329 Deum
816 1278 906 1331 extat
924 1269 984 1331 iste
1000 1268 1138 1333 Sanctus
1158 1270 1272 1346 meriti,
1286 1271 1341 1353 qui
1357 1270 1404 1346 (ut

352 1368 510 1448 diximus)
525 1368 681 1451 populum
701 1367 764 1430 sibi
780 1389 889 1431 camm
904 1390 924 1431 a
938 1354 1052 1432 timore
1067 1372 1146 1435 tanti
1162 1371 1245 1434 eruit
1258 1372 1402 1454 periculi.

352 1468 455 1531 Hunc
477 1488 553 1549 crgo
576 1478 609 1531 et
629 1488 690 1530 nos
711 1479 801 1531 casto
823 1468 931 1547 corde,
951 1470 1062 1551 pronis
1085 1492 1213 1555 quoque
1233 1492 1404 1535 exoremus

352 1570 501 1646 vocibus,
515 1580 674 1652 quatenus
692 1590 751 1631 nos
766 1568 919 1651 indignos
934 1571 998 1633 vita
1014 1584 1046 1634 et
1061 1572 1212 1650 moribus,
1227 1592 1247 1635 a
1260 1574 1404 1656 peccatis

353 1687 562 1757 expurgatos,
592 1673 680 1757 apud
711 1674 818 1737 Deum
847 1685 953 1736 mente
991 1676 1160 1751 exaltatos,
1189 1675 1254 1737 suis
1291 1675 1403 1739 reddat

353 1777 518 1861 precibus,
532 1796 598 1857 quo
620 1797 693 1838 cum
717 1796 756 1837 eo
778 1785 852 1858 post
874 1775 958 1838 hanc
981 1776 1077 1838 vitam
1100 1777 1260 1858 potiamur
1281 1776 1403 1854 celica,

354 1879 478 1941 Natum
500 1875 639 1939 videndo
661 1874 772 1939 sedere
788 1876 891 1939 Patris
913 1874 954 1938 ad
977 1875 1132 1955 dextram,
1155 1878 1207 1941 cui
1228 1878 1270 1941 sit
1290 1879 1401 1956 virtus,

354 1980 512 2042 honoret
534 1977 635 2058 gloria
656 1999 729 2041 cum
754 1976 929 2040 Pneumate
952 1986 1064 2040 sancto
1087 1979 1322 2061 perimmensa
1344 2000 1403 2041 sre-

355 2081 440 2143 cula.

397 2183 478 2245 Post
490 2182 561 2244 haec
577 2182 744 2243 Danorum
760 2192 946 2259 conventus,
963 2182 1035 2243 Deo
1051 2181 1193 2259 odibilis,
1203 2184 1401 2247 immanitate

353 2284 522 2355 scelerum,
551 2292 585 2344 et
612 2281 803 2343 Christianae
832 2280 908 2343 fidei
941 2284 1158 2360 evacuatione,
1193 2296 1267 2365 post
1300 2284 1403 2345 varios

353 2394 490 2445 eventus
513 2382 669 2444 bellorum
694 2382 729 2443 in
754 2379 888 2443 diversis
910 2381 1003 2457 locis,
1025 2393 1100 2462 post
1121 2384 1322 2445 castellorum
1348 2381 1403 2445 de·

354 2484 562 2549 structionem
572 2504 611 2545 ac
622 2483 792 2544 multarum
802 2481 998 2543 eversionem
1012 2481 1148 2557 urbium,
1159 2482 1246 2543 omni
1260 2480 1404 2564 undique

354 2588 438 2649 ultra
452 2584 583 2647 modum
607 2582 771 2647 devastata
792 2582 933 2662 regione,
948 2584 1100 2646 tolerante
1123 2584 1196 2645 Deo
1218 2582 1259 2645 ad
1279 2595 1405 2665 tempus

354 2708 489 2770 regnum
515 2687 628 2750 habuit
652 2686 687 2748 in
710 2706 769 2748 sua
794 2704 944 2770 perversa
966 2685 1097 2750 ditione.
1143 2687 1215 2759 Qua
1236 2707 1269 2749 re
1291 2685 1405 2750 attritis

354 2787 606 2854 orthodoxitatis
628 2787 816 2865 cultoribus,
830 2787 1036 2851 mendicitate
1052 2809 1150 2870 opum
1173 2809 1404 2872 corporumque

355 2890 467 2954 multis
480 2887 751 2961 tribulationibus,
762 2888 883 2969 templa
897 2909 964 2950 non
975 2888 1257 2972 frequentabantur
1268 2887 1404 2952 assuetis

356 2992 554 3076 ingressibus
590 2989 745 3067 fidelium,
773 3011 835 3052 nec
864 2990 1092 3052 monachorum
1122 2990 1171 3053 vel
1200 2989 1404 3055 sanctimoni-

357 3096 457 3158 alium
494 3091 637 3154 fidclium
674 3101 776 3153 turma
810 3091 979 3153 nocturnis
1007 3091 1072 3154 sive
1103 3089 1223 3155 diurnis
1257 3093 1406 3155 utebatur

356 3195 544 3278 synaxibus.
588 3189 686 3256 Unde
709 3190 844 3270 contigit
865 3191 975 3254 Sancti
999 3213 1114 3274 corpus
1138 3192 1194 3256 diu
1215 3213 1349 3277 pensare
1370 3193 1403 3255 in

358 3295 493 3369 tumulo,
507 3293 564 3355 ubi
579 3314 599 3355 a
612 3293 647 3356 S.
664 3293 834 3353 Dunstano
850 3292 1025 3373 repositum
1045 3293 1155 3370 fuerat,
1171 3293 1330 3357 Pontifice
1345 3295 1404 3357 vir·

358 3405 463 3460 tutum
478 3393 625 3475 congerie
642 3392 837 3455 clarissimo:
862 3391 950 3475 quod
966 3393 1171 3473 omnipotens
1188 3393 1288 3469 Deus,
1303 3413 1404 3476 quan·

359 3517 455 3581 quam
471 3494 526 3557 vili
539 3495 651 3557 lateret
666 3493 725 3555 sub
741 3494 893 3574 tegmine,
904 3493 1029 3573 maguis
1041 3491 1216 3554 adornabat
1227 3494 1403 3558 virtutibus.

360 3599 454 3680 Saepe
468 3595 555 3657 enim
570 3606 602 3656 ct
616 3593 748 3656 diversis
761 3593 959 3675 temporibus
980 3593 1097 3656 multos
1111 3591 1274 3675 utriusque
1297 3613 1405 3670 sexus,

357 3697 453 3759 variis
475 3713 641 3776 possessos
665 3692 883 3774 languoribus,
908 3692 1069 3755 liberavit:
1097 3713 1180 3776 quae,
1206 3704 1242 3756 ut
1270 3694 1405 3757 facultas

359 3795 462 3871 fuerit,
476 3803 509 3856 et
523 3792 642 3857 exinde
657 3793 810 3855 memoria
827 3791 1030 3869 succreverit,
1045 3791 1078 3853 iu
1095 3791 1161 3854 suis
1182 3791 1263 3855 locis
1278 3791 1404 3855 ordina·

359 3895 422 3958 tius
436 3895 563 3975 singula
584 3893 824 3967 describentur3
845 3893 902 3955 illa
923 3892 1047 3954 scilicet
1061 3913 1133 3975 quae
1149 3913 1207 3975 per
1228 3911 1301 3954 eum
1317 3892 1406 3957 Deus

359 3997 435 4060 fecit
447 4007 520 4079 post
534 3995 728 4058 destructam
742 4013 800 4075 per
814 3993 1039 4076 predicatores
1055 3994 1219 4055 Danorum
1240 3993 1405 4071 serium,

358 4111 391 4161 ct
418 4107 494 4180 post
523 4094 682 4159 devictam
711 4115 770 4175 per
797 4094 966 4156 bellatores
996 4092 1080 4155 viros
1111 4092 1236 4155 illorum
1270 4093 1406 4156 invisam

358 4198 536 4263 andaciam.
581 4199 633 4259 Ea
659 4196 745 4259 enim
771 4196 971 4278 antiquorum
999 4193 1150 4257 memoria
1174 4194 1264 4257 nulla
1294 4194 1407 4271 tenuit,

358 4300 417 4362 etsi
440 4318 559 4378 magna
579 4298 683 4359 forent
704 4316 777 4377 quae
800 4296 924 4377 peregit
947 4294 1111 4358 Danorum
1134 4293 1215 4356 inibi
1235 4294 1406 4377 superstite

357 4396 511 4481 perfidia:
536 4396 612 4479 quia
626 4407 659 4458 et
671 4395 828 4456 bonorum
845 4395 982 4455 virorum
998 4413 1036 4455 eo
1053 4402 1193 4476 tempore
1217 4414 1332 4474 magna
1346 4395 1408 4458 fuit

357 4497 486 4581 inopia,
515 4495 737 4570 etmalorum,
762 4493 903 4576 peccatis
928 4493 1144 4572 exigentibus,
1166 4495 1409 4561 innumerabilis

358 4599 460 4682 copia.
506 4596 601 4669 Quod
624 4607 657 4659 ct
679 4594 786 4657 multis
806 4594 941 4675 contigit
965 4594 1169 4675 Martyribus,
1185 4593 1359 4678 quinetiam
1376 4608 1409 4660 et

358 4698 552 4784 quibusdam
581 4697 823 4779 discipulorum,
854 4715 934 4775 quos
961 4693 1034 4776 ipse
1071 4716 1212 4758 summus
1241 4709 1347 4778 pastor
1376 4711 1408 4760 et
