3759 5425
422 710 486 772 220
696 725 856 772 aerarum
870 727 914 770 an
929 727 1105 787 aoracrurr,
1120 727 1193 772 arc.

422 880 545 942 clavem
561 877 680 957 David,
694 878 765 962 ipse
776 881 878 963 aperit
892 891 925 944 et
938 901 1033 943 nemo
1049 878 1180 956 claudit,
1192 878 1313 943 claudit
1328 887 1361 942 ot
1375 899 1472 942 nemo

421 979 533 1061 aperit
587 980 717 1042 Etenim
739 981 802 1043 nisi
826 982 900 1065 quis
924 982 1086 1044 obstinata
1103 979 1252 1044 nefanda,¹
1273 978 1475 1042 infidelitatis

420 1083 520 1143 sraena
533 1081 567 1142 in
579 1082 677 1144 frusta
687 1081 878 1162 confregerit
891 1100 1029 1163 eumque
1040 1079 1213 1144 medullata
1226 1080 1344 1143 mentis
1353 1078 1476 1143 fiducia

421 1180 666 1266 praedicatorum
686 1181 790 1263 sigilla
810 1183 974 1264 signorum
997 1183 1132 1244 solvisse
1153 1180 1336 1257 crediderit,
1357 1181 1477 1244 clausis

422 1293 456 1345 et
483 1282 580 1344 caecis
607 1282 801 1365 pupillarum
838 1284 980 1362 orbibus,
1010 1293 1045 1346 et
1073 1284 1221 1347 obtunsis
1251 1285 1476 1367 palpebrarum

423 1383 587 1446 obtutibus
609 1383 697 1446 velut
717 1385 909 1466 epilenticus
932 1395 987 1447 aut
1018 1385 1246 1448 scotomaticus
1277 1387 1477 1469 contempla·

422 1485 510 1548 bitur
538 1506 655 1548 arcana
682 1486 791 1566 legum
822 1497 854 1547 et
882 1505 985 1568 opaca
1014 1486 1254 1569 prophetarum.
1299 1487 1337 1548 ln
1362 1486 1476 1550 eadem

424 1586 520 1650 etiam
541 1586 744 1648 revelationis
766 1586 871 1649 extasi
893 1607 991 1649 aurea
1012 1598 1134 1670 septem
1158 1586 1358 1666 candelabra,
1381 1608 1477 1651 aurea

424 1697 457 1751 et
486 1685 620 1750 totidem
650 1685 757 1750 sidera
785 1687 819 1748 in
844 1685 977 1750 dextera
998 1689 1147 1751 habentis
1168 1687 1270 1771 pedes
1293 1687 1476 1751 aurichalco

424 1790 541 1854 Libani
574 1788 762 1866 simillimos,
795 1788 953 1872 cujusque
991 1811 1045 1853 ore
1081 1789 1277 1874 procedebat
1312 1790 1477 1873 romphaea

422 1892 538 1974 biceps
575 1889 748 1974 praedictus
784 1891 960 1954 Salvatoris
983 1893 1120 1956 vicarius
1143 1893 1337 1974 speculatur.
1390 1891 1478 1955 Illud

424 2012 553 2075 quoque
583 1992 824 2055 celeberrimum
853 1992 966 2056 Exodi
996 1991 1226 2057 candelabrum
1253 1991 1347 2076 cujus
1376 1991 1478 2074 stipes

424 2092 535 2155 obrizo
565 2090 700 2154 ductilis
729 2113 804 2154 cum
841 2093 973 2155 calamis
1002 2115 1040 2156 ac
1071 2093 1205 2177 scyphis
1242 2102 1275 2156 et
1304 2093 1477 2176 sphaerulis

425 2191 617 2256 fabrefactus
632 2203 796 2277 tamquam
811 2203 906 2257 taxus
922 2195 1074 2258 fmndosa
1083 2207 1138 2259 aut
1153 2197 1299 2278 platanus
1314 2196 1479 2259 surculosa

426 2296 563 2378 comptis
600 2295 740 2357 cultibus
772 2296 945 2358 ornabatur
974 2317 994 2359 a
1022 2295 1178 2379 praedicto
1215 2296 1477 2359 candelabrorum

426 2397 578 2480 mysterio
592 2396 723 2459 minime
746 2396 928 2460 discordare
952 2398 1056 2461 sentio
1082 2397 1175 2482 cujus
1190 2398 1258 2460 VII
1272 2398 1476 2460 lucernarum

425 2499 537 2583 lychni
573 2498 797 2561 flammivomis
831 2498 1038 2581 lampadibus
1075 2507 1280 2588 coruscantes
1312 2519 1329 2560 e
1361 2497 1479 2580 quibus

426 2600 583 2663 universa
612 2599 818 2664 ecclesiarum
839 2601 994 2663 lanternae
1024 2600 1109 2663 claro
1132 2601 1252 2662 lumine
1274 2599 1479 2674 illustrantur,

427 2702 531 2766 aureis
559 2701 697 2765 nexibus
726 2700 870 2765 adstricti
892 2701 1146 2785 copulabantur:
1171 2702 1216 2765 ita
1237 2724 1292 2764 vas
1314 2700 1480 2764 electionis

427 2805 548 2868 illustre
568 2816 601 2868 et
622 2805 750 2888 sapiens
768 2804 961 2867 architectus
981 2803 1185 2886 nominisque
1208 2803 1331 2867 Christi
1351 2805 1480 2884 gerulus

427 2906 558 2989 typicus
586 2903 758 2987 Benjamin
787 2926 880 2967 mane
910 2904 1085 2968 comedens
1115 2904 1256 2988 praedam
1288 2914 1321 2969 et
1351 2926 1479 2988 vespere

429 3005 576 3069 dividens
591 3006 705 3088 spolia,
720 3006 786 3068 VII
803 3005 1010 3069 ecclesiamm
1025 3007 1153 3069 novalia
1165 3006 1302 3069 roscidis
1317 3026 1479 3068 sacrorum

429 3107 615 3188 dogmatum
637 3106 794 3169 imbribus
812 3107 949 3170 ubertim
972 3106 1143 3190 perfundit
1176 3108 1348 3170 Zacharias
1369 3105 1480 3169 itidem

427 3209 463 3272 in
485 3206 597 3271 ordine
619 3208 863 3272 vaticinantium
891 3208 1081 3273 undecimus
1103 3209 1136 3271 in
1159 3209 1324 3273 horomate
1351 3208 1482 3271 visionis

429 3321 538 3394 raptus
574 3321 606 3372 ct
642 3308 757 3373 divinae
795 3311 1075 3394 contemplationis
1105 3311 1246 3373 culmine
1283 3309 1482 3373 sublimatus,

429 3413 586 3475 famosum
614 3412 728 3497 inclyti
756 3412 875 3496 lapidis
904 3414 1136 3498 spectaculum,
1160 3414 1214 3497 qui
1244 3414 1384 3496 septenis
1406 3432 1481 3474 ocu·

429 3518 532 3582 lorum
554 3518 719 3581 obtutibus
738 3517 874 3602 mystice
900 3530 1032 3583 ornatus
1056 3519 1247 3583 describitur
1273 3517 1429 3601 spirituali
1450 3524 1482 3580 et

430 3640 546 3683 arcano
561 3618 812 3701 praecordiorum
827 3620 944 3683 iutuitu
958 3632 990 3683 et
1003 3620 1092 3703 puris
1108 3621 1337 3701 conspectibus
1353 3638 1481 3682 cernere

430 3721 616 3804 promeruit.
638 3720 862 3785 Fundamenta
876 3742 1004 3806 quoque
1020 3723 1164 3803 gloriosae
1181 3722 1318 3785 civitatis
1333 3721 1396 3783 Dei
1411 3741 1484 3803 quae

430 3822 601 3885 Psalmista
628 3823 662 3885 in
691 3822 855 3886 montibus
883 3823 1004 3887 sanctis
1033 3830 1153 3885 structa
1174 3834 1409 3899 commemorat,
1432 3842 1484 3885 ca·

431 3923 557 3987 uonicis
585 3938 706 4008 septem
743 3924 950 4006 epistolamm
987 3924 1097 3987 rivulis
1128 3923 1217 3987 arida
1253 3936 1284 3986 et
1320 3921 1486 3985 siticulosa

430 4024 592 4089 nascentis
613 4026 758 4088 ecclesiae
780 4024 961 4108 praecordia
985 4026 1154 4089 affluenter
1176 4024 1330 4088 satiarunt
1349 4033 1381 4085 et
1399 4024 1486 4086 velut

432 4129 601 4191 tenebrosa
622 4148 705 4210 aqua
726 4127 760 4189 in
790 4126 930 4189 nubibus
960 4128 1041 4189 acris
1064 4138 1119 4189 aut
1141 4126 1305 4190 stillicidia
1334 4126 1486 4189 stillantia

433 4227 557 4291 hiulcas
572 4228 715 4291 fidelium
735 4228 844 4292 lauces
858 4227 1028 4291 irrorantes
1049 4229 1207 4309 rigarunt:
1232 4228 1280 4291 illi
1295 4225 1435 4311 quidem,
1450 4236 1487 4290 ut

434 4329 578 4402 arbitror,
591 4329 700 4392 divino
716 4330 831 4395 imbuti
846 4330 1028 4409 magisterio
1044 4340 1076 4393 et
1091 4339 1324 4413 praeceptorum
1338 4328 1486 4391 instructi

434 4431 596 4513 exemplo,
625 4432 688 4495 hoc
725 4454 919 4496 successura
950 4433 1124 4515 posteritati
1155 4433 1212 4494 rite
1248 4433 1426 4496 ruminasse
1457 4442 1488 4493 et

436 4532 618 4612 regrrlariter
632 4544 795 4595 ructuasse
808 4535 913 4596 rcsrrri
926 4548 1057 4616 queunt,
1073 4532 1160 4615 qnod
1170 4534 1210 4595 ab
1227 4534 1299 4614 ipso
1312 4532 1484 4596 tenerrimae

1669 4512 1677 4525 α

1676 4636 1677 4651 l
