3759 5425
594 806 668 851 vrrs
685 807 860 852 annuatur
880 808 1011 853 sinrcro
1026 808 1188 854 suenone.
1351 793 1416 852 879

366 966 454 1037 parte
474 958 592 1020 nebula
612 957 749 1040 quadam
771 959 920 1037 irruente,
934 959 1058 1023 himina
1076 960 1252 1037 oculorum,
1272 959 1415 1041 peccatis

366 1056 433 1119 suis
455 1055 585 1121 forsitan
609 1058 655 1122 sic
678 1059 894 1141 exigentibus,
917 1061 973 1123 tali
997 1060 1167 1123 occasione
1190 1061 1305 1123 amisit.
1349 1059 1414 1132 Qui

367 1156 422 1221 diu
438 1180 546 1223 errans
564 1160 729 1243 perderis
749 1182 923 1244 aequorum,
937 1162 1003 1225 huc
1022 1162 1164 1246 illucque
1183 1161 1415 1225 alternantibus

365 1259 473 1337 undis,
482 1260 609 1324 tandem
623 1262 782 1325 sociorum
797 1263 930 1339 auxilio,
940 1264 997 1348 qui
1011 1264 1042 1325 in
1059 1262 1132 1326 aliis
1145 1262 1302 1326 naviculis
1316 1272 1415 1337 erant,

365 1357 504 1442 adjutus,
525 1360 568 1423 ad
589 1360 694 1424 littora
715 1382 818 1444 usque
840 1363 1005 1446 pervenit:
1036 1375 1132 1445 atque
1155 1362 1297 1426 ductoris
1317 1362 1416 1424 fretus

365 1458 574 1535 adminiculo,
604 1459 647 1523 ed
675 1474 863 1523 consuetum
893 1460 989 1523 rediit
1017 1461 1237 1543 hospitiolum.
1284 1460 1414 1525 Deinde

365 1561 519 1623 caecitatis
538 1562 634 1647 hujus
653 1563 737 1626 sama
756 1563 866 1625 volans
887 1562 949 1625 bac
972 1564 1111 1645 illacque
1132 1584 1191 1647 per
1207 1563 1415 1647 provinciam,

364 1660 538 1724 amicorum
569 1662 757 1745 frequentia,
786 1684 922 1748 quorum
952 1664 1082 1726 auribus
1109 1665 1264 1741 insonuit,
1294 1664 1416 1727 curavit

363 1781 461 1843 quam
480 1762 577 1827 citius
596 1762 637 1825 ad
652 1784 726 1825 eum
742 1764 859 1840 venire,
871 1764 1068 1845 interrogans
1088 1765 1223 1848 qualiter
1244 1765 1413 1847 insperatae

364 1862 508 1925 orbitatis
534 1862 595 1926 sibi
621 1864 807 1944 contigisset
829 1864 1011 1928 adversitas.
1056 1867 1192 1943 Quibus,
1213 1867 1312 1929 flebili
1337 1886 1414 1927 voce

363 1981 509 2038 exorsus,
519 1983 625 2039 omne,
634 1962 720 2044 quod
737 1964 799 2026 sibi
813 1964 986 2043 acciderat,
1000 1964 1113 2028 ordine
1127 1965 1311 2030 declaravit.
1336 1966 1415 2028 Post

363 2063 435 2127 haec
450 2066 491 2127 ab
507 2065 554 2127 eis
569 2085 710 2148 quaerere
731 2067 840 2149 empit,
855 2066 934 2150 quid
955 2075 1075 2148 ageret,
1089 2067 1178 2148 apud
1196 2088 1290 2151 quem
1311 2066 1413 2130 Sanc·

364 2174 468 2227 torum
501 2177 664 2247 sperarent
693 2186 766 2228 eum
795 2164 1045 2229 misericordiam
1077 2167 1288 2229 inventurum.
1342 2166 1413 2229 Sibi

364 2276 470 2327 autem
495 2266 742 2348 propinquorum
773 2279 887 2330 moesta
913 2267 1119 2347 congregatio
1140 2267 1188 2329 sic
1209 2267 1414 2349 respondisse

363 2364 472 2427 fertur:
489 2366 609 2429 Melius
619 2366 688 2441 tibi,
699 2367 802 2441 frater,
812 2366 983 2428 consilium
995 2364 1092 2448 hujus
1099 2365 1145 2427 rei
1156 2363 1231 2428 dare
1239 2367 1414 2442 nescimus,

364 2464 427 2527 nisi
447 2476 598 2548 utquam
619 2466 713 2529 citius
733 2466 864 2529 festines
884 2464 925 2528 ad
945 2465 1067 2530 Christi
1085 2464 1230 2527 ecclesiae
1248 2465 1361 2527 limina
1379 2465 1413 2527 iu

364 2560 566 2625 Occidentali
580 2574 681 2645 parte,
695 2562 751 2624 ubi
772 2560 881 2624 divina
901 2562 1055 2625 miracula
1073 2563 1193 2646 sapius
1207 2562 1307 2626 fiunt:
1330 2564 1415 2627 sicut

365 2662 451 2727 enim
473 2664 620 2747 populari
642 2683 766 2727 rumore
786 2664 893 2742 fertur,
913 2663 960 2726 ibi
980 2662 1174 2727 diversarum
1193 2663 1413 2728 infirmitatum

365 2785 482 2845 genera
510 2775 724 2828 evacuantur:
759 2785 823 2847 quo
846 2764 881 2827 in
907 2764 980 2828 loco
1007 2764 1236 2847 omnipotentis
1260 2765 1325 2828 Dei
1349 2766 1414 2828 cle-

365 2864 517 2927 mentiam
545 2864 608 2947 piis
638 2865 789 2947 precibus
817 2875 881 2926 tom
908 2861 965 2925 diu
994 2862 1160 2944 efflagites,
1183 2865 1414 2946 praeteritorum

364 2975 570 3046 peccatorum
582 2963 831 3028 satisfactionem
845 2964 1001 3026 instanter
1014 2964 1192 3046 promittas,
1202 2963 1414 3048 eleemosynis

367 3065 485 3148 quibus
513 3065 632 3147 poteris
662 3063 829 3127 malefacta
854 3075 909 3125 tua
934 3062 1084 3143 redimas,
1110 3063 1213 3126 donec
1240 3076 1273 3127 te
1299 3064 1414 3128 divina

365 3165 517 3248 potentiae
549 3164 640 3243 larga
674 3162 834 3226 miseratio
870 3163 1014 3247 pristinas
1051 3164 1178 3228 sanitati
1219 3165 1412 3228 incolumem

365 3264 488 3328 reddat.
519 3263 583 3327 His
594 3261 753 3345 siquidem
765 3262 1043 3327 adhortationibus
1057 3264 1221 3329 multoties
1235 3267 1277 3329 ab
1292 3266 1415 3342 amicis,

367 3364 512 3448 quamvis
526 3363 661 3440 rusticis,
675 3362 874 3446 sapientibus
898 3372 1015 3438 umen,
1027 3363 1112 3425 bene
1126 3365 1275 3441 monitus,
1289 3365 1331 3428 ad
1345 3386 1413 3428 mo·

366 3465 549 3542 hasterium,
570 3463 627 3526 ubi
650 3462 765 3526 diversi
787 3461 909 3526 debiles
931 3472 1155 3538 couvenerant,
1176 3464 1330 3544 perrexit:
1358 3465 1415 3546 qui

366 3577 430 3630 tres
452 3586 554 3631 annos
575 3565 641 3629 illio
663 3564 847 3628 infirmitate
868 3563 1023 3626 laborans
1038 3561 1156 3644 deguit.
1201 3562 1265 3625 Sed
1287 3563 1361 3645 pius
1382 3578 1416 3626 et

366 3669 543 3732 misericors
557 3667 662 3743 Pater,
678 3665 735 3749 qui
753 3665 787 3728 in
809 3675 972 3728 momento
987 3663 1204 3746 quodeunque
1220 3665 1289 3727 rult
1306 3664 1416 3741 efficit,

366 3768 401 3832 in
423 3783 486 3832 tam
510 3770 609 3848 longo
629 3779 771 3849 tempore
792 3764 985 3828 desiderium
1005 3764 1101 3840 illius,
1116 3763 1362 3828 misericorditer
1379 3765 1414 3828 in

367 3889 439 3933 eum
470 3889 616 3952 operans,
645 3867 819 3949 adimplere
848 3865 962 3928 uoluit
1014 3864 1173 3928 Praescius
1199 3865 1307 3949 itaque
1337 3865 1415 3946 quid

367 3973 507 4034 futurum
531 3970 582 4048 sit,
604 3968 657 4033 cui
680 3967 777 4032 etiam
799 3972 971 4029 reservaret
991 3965 1121 4046 gloriam
1143 3964 1249 4028 laudis
1270 3985 1348 4042 suae,
1367 3966 1415 4028 sic

367 4071 463 4134 etiam
485 4067 673 4134 remorando
695 4068 839 4132 sanitatis
861 4065 993 4143 donum,
1008 4063 1049 4128 de
1068 4067 1154 4129 malo
1174 4066 1310 4128 faciebat
1328 4066 1417 4148 prius

367 4174 501 4236 bonurn.
543 4171 707 4234 Postremo
727 4181 822 4232 nocte
843 4186 906 4229 una
919 4165 954 4228 in
969 4165 1069 4229 cubili
1087 4187 1147 4229 sno
1161 4176 1344 4249 prostratus,
1358 4186 1418 4248 per

368 4273 469 4334 risum
495 4272 528 4333 in
554 4271 675 4334 somnis
700 4267 882 4332 admonitus
904 4279 963 4343 est,
985 4265 1073 4347 quod
1101 4265 1142 4328 ad
1167 4263 1414 4327 Meldunensem

370 4373 551 4446 ecclesiam,
576 4373 631 4435 ubi
661 4371 742 4434 servi
771 4370 820 4432 sui
850 4366 1013 4432 Aldhelmi
1041 4387 1158 4449 corpus
1185 4365 1416 4448 requiescebat,

370 4493 512 4555 gressum
529 4471 691 4536 tenderet:
716 4467 826 4550 ibique
842 4466 917 4530 Deo
927 4465 1062 4548 juvante
1077 4485 1115 4528 ac
1130 4463 1241 4527 Sancti
1255 4464 1306 4527 sui
1320 4485 1415 4547 prece

370 4575 432 4636 hoc
460 4573 620 4656 exigente,
644 4572 794 4636 emissum
822 4567 945 4632 tamdiu
967 4569 1076 4629 lumen
1098 4580 1307 4648 recuperaret.
1353 4567 1418 4630 llis
