3759 5425
681 685 726 730 ns
741 684 908 731 nanninus
923 685 1160 730 vmuuurarvs.
1404 667 1446 726 63

390 855 525 919 quoque
537 835 702 900 idolorum
716 839 855 902 culturas
869 849 902 901 et
915 839 1041 922 ineptas
1055 837 1222 918 gentilium
1238 835 1443 900 ceremonias

390 957 510 1021 eogere
523 939 684 1022 nequiret,
699 941 870 1003 confestim
887 939 1077 1004 furibundus
1099 949 1290 1004 catastarum
1306 936 1442 1000 crudeli-

391 1049 490 1102 tatem
516 1041 673 1118 exercuit,
695 1041 811 1104 lividas
836 1041 1014 1123 palmarum
1043 1041 1166 1104 vibices
1195 1038 1353 1114 exhibuit,
1381 1049 1442 1100 tor-

390 1151 500 1205 rentes
515 1142 738 1224 lampadarum
759 1143 905 1206 flammas
927 1143 1111 1227 applicavit.
1156 1143 1293 1206 Duabus
1316 1159 1443 1224 quoquc

391 1241 546 1319 Ioeminis,
570 1261 645 1324 quse
670 1261 773 1324 nuper
797 1263 817 1305 a
843 1241 908 1305 fide
933 1243 1207 1324 naufragaverant,
1229 1249 1262 1304 et
1286 1263 1305 1304 a
1327 1240 1446 1304 Christi

391 1344 557 1406 consortio
577 1353 846 1428 apostataverant,
875 1343 1012 1408 eandem
1039 1342 1170 1407 tradidit
1198 1342 1444 1427 depravandam,

391 1446 450 1510 sed
464 1467 559 1510 versa
573 1447 644 1510 vice
658 1447 829 1512 earundem
850 1450 1021 1531 probrosas
1043 1456 1258 1531 apostatarum
1280 1445 1445 1510 cicatrices

390 1547 607 1631 prenitndinis
621 1547 858 1614 medicamento
879 1550 926 1614 ita
948 1549 1116 1613 salubriter
1135 1548 1266 1626 curavit,
1281 1558 1317 1610 ut
1337 1548 1443 1610 statim

390 1650 504 1714 ordine
518 1660 716 1734 praepostero
731 1650 907 1715 doctricem
922 1651 1083 1734 propriam
1094 1649 1136 1712 ad
1151 1649 1290 1732 martyrii
1304 1649 1443 1732 palmam

391 1751 622 1836 praecederent.
666 1753 786 1815 Verum
803 1772 878 1816 cum
892 1750 1095 1834 egrederetur
1109 1750 1237 1814 crudele
1251 1749 1443 1833 praetorium,

394 1850 580 1934 Theophilo
603 1871 679 1914 cum
700 1851 908 1914 cachinnanti
929 1851 1131 1914 cavillatione
1153 1851 1321 1932 flagitanti,
1342 1861 1378 1912 ut
1402 1849 1443 1914 de

391 1950 548 2015 Paradiso
561 1952 673 2035 sponsi
688 1952 840 2028 coelestis,
855 1951 896 2014 ad
921 1971 1017 2035 quem
1033 1972 1067 2014 se
1089 1971 1257 2034 properare
1276 1951 1444 2028 fatebatur,

391 2062 482 2134 grata
503 2053 664 2116 fluctuum
686 2053 877 2116 munuscula
898 2052 1044 2126 mitteret,
1067 2049 1154 2134 quod
1178 2073 1251 2116 cum
1274 2051 1444 2115 calumnia

393 2153 567 2232 gannitura
576 2153 929 2235 prolatum,inveritate
939 2154 1135 2236 completum
1146 2162 1204 2216 cst.
1249 2153 1333 2215 Nam
1342 2151 1443 2236 pridie

390 2273 488 2334 quam
514 2261 687 2334 pateretur,
711 2262 743 2314 et
766 2254 906 2317 cruentis
934 2253 1141 2316 mucronibus
1164 2251 1343 2316 truncanda
1368 2253 1443 2316 snb·

390 2349 531 2430 deretur,
546 2352 607 2416 tria
619 2353 706 2415 mala
721 2373 795 2416 cnm
808 2353 977 2437 purpureis
997 2353 1130 2416 totidem
1148 2353 1227 2416 rosis
1243 2352 1283 2416 ad
1305 2351 1443 2417 eundern

391 2452 613 2536 Theophilum
640 2452 818 2518 destinasse
844 2453 1044 2530 describitur,
1071 2453 1127 2537 qui
1151 2452 1248 2536 hujus
1274 2453 1319 2516 rei
1345 2454 1443 2536 gratia

390 2554 529 2637 propriae
551 2555 757 2618 occasionem
779 2556 892 2620 salutis
916 2554 1065 2636 adeptus,
1087 2554 1277 2618 rubicundis
1302 2556 1442 2638 martyrii

390 2655 481 2719 sertis
497 2656 723 2719 coronabatur.

431 2761 595 2824 XLVIII.
622 2759 835 2825 Constantina
855 2762 1069 2845 integerrimae
1090 2762 1214 2826 virtum
1236 2762 1336 2843 virgo,
1356 2760 1442 2825 Con·

390 2864 524 2927 stantini
545 2863 614 2927 filia
638 2862 855 2947 Imperatoris,
873 2867 929 2950 qui
953 2864 1117 2948 peridem
1144 2875 1270 2949 tempus
1296 2864 1441 2949 tripartiti

389 2965 502 3029 mundi
517 2964 745 3029 Monarchiam
759 2967 919 3051 prosperis
933 2966 1137 3030 successibus
1159 2968 1355 3049 gubernasse
1371 2966 1442 3048 dig-

387 3066 545 3143 noscitur,
563 3086 673 3128 nonne
700 3072 834 3129 cunctas
858 3066 1093 3150 propemodum
1113 3068 1333 3131 Romanorum
1355 3068 1441 3131 Prae·

388 3180 493 3233 torum
513 3166 610 3245 filias,
632 3187 824 3251 omnemque
845 3188 929 3249 pene
952 3187 1137 3251 generosam
1159 3169 1316 3233 foeminini
1343 3188 1441 3231 sexus

387 3270 534 3333 sobolem
563 3289 602 3331 ac
639 3267 885 3351 pulcherrimam
920 3270 1097 3351 pubertatis
1124 3269 1277 3348 indolem,
1310 3269 1440 3333 famosae

388 3370 592 3451 VugInitatis
621 3388 746 3431 rumore
776 3380 952 3451 comperto,
981 3368 1022 3433 ad
1059 3371 1215 3435 culturam
1249 3370 1440 3434 Christianae

387 3470 552 3551 religionis
579 3481 612 3533 et
639 3489 790 3532 coronam
821 3470 977 3533 castitatis
1007 3472 1170 3555 colloquio
1197 3469 1352 3546 incitavit,
1377 3490 1440 3531 ser-

387 3592 484 3635 mone
499 3570 612 3648 suasit
627 3571 778 3653 exemplo
797 3570 985 3654 instigavit?
1030 3573 1083 3635 Ita
1097 3571 1264 3647 duntaxat,
1277 3580 1314 3633 ut
1328 3590 1439 3633 unam·

387 3692 562 3757 quamque,
580 3681 689 3755 spreto
709 3672 845 3755 nuptiali
864 3674 1005 3736 thalamo
1024 3683 1057 3735 et
1077 3671 1212 3734 maritali
1232 3672 1329 3733 luxus
1352 3691 1438 3733 com-

387 3774 520 3849 mercio,
534 3773 676 3835 coelestis
691 3772 802 3855 sponsi
817 3774 988 3856 amplexus
1003 3770 1130 3835 enixius
1144 3781 1295 3853 satagere,
1311 3783 1344 3834 et
1357 3772 1440 3835 inter

388 3876 528 3955 virgines
557 3874 718 3957 sapienws
747 3894 821 3936 cum
850 3874 995 3958 limpidis
1029 3873 1233 3957 lampadibus
1269 3894 1438 3959 properare

386 3973 485 4039 ducta
508 3975 622 4038 crebro
646 3973 784 4056 suspiria
808 3973 993 4049 faterentur,
1019 3972 1106 4058 quod
1132 3974 1261 4059 plenius
1290 3975 1330 4038 de
1360 3996 1437 4037 con·

386 4076 567 4140 versatione
595 4075 682 4138 illius
714 4074 833 4157 scripta
865 4074 1070 4157 dogmatibus
1103 4078 1259 4159 opuscula
1287 4074 1438 4158 produnt,

386 4178 482 4262 cujus
496 4176 544 4240 rei
558 4176 669 4241 Attica
683 4183 716 4240 et
734 4177 874 4241 Artemia
894 4177 1027 4241 illibatae
1047 4178 1258 4259 virginitatis,
1272 4176 1437 4262 pudicitiae

387 4278 545 4357 florentis,
571 4278 650 4343 satis
671 4277 803 4341 evidens
824 4277 1054 4343 documentum
1076 4278 1249 4343 declarant.
1295 4280 1436 4351 Quarum

384 4380 509 4460 genitor
523 4378 726 4455 Gallicanus,
740 4376 817 4440 dum
840 4379 1075 4443 Constantinus
1097 4380 1279 4444 Constantii
1303 4380 1387 4444 filius
1402 4382 1435 4442 in

384 4482 567 4556 Britannia,
596 4501 640 4542 cx
670 4479 786 4562 pellice
817 4480 948 4544 Helena
983 4480 1119 4561 genitus,
1149 4483 1283 4565 sceptris
1312 4478 1434 4564 imperii
