3759 5425
433 714 496 773 tot
711 730 865 777 urrsrosa
881 734 924 777 ιι)
939 732 1119 792 serrorum,
1131 732 1207 778 arc.

782 891 831 949 13.
849 887 901 950 De
917 886 1150 969 Myriopltyllo.

518 982 652 1048 Prorsus
667 987 860 1051 Achivorum
875 987 988 1071 lingna
1002 988 1183 1072 pariterque
1199 989 1316 1051 Latina

521 1083 620 1148 Mille
634 1108 731 1151 vocor
746 1089 974 1168 viridisolium
988 1090 1029 1154 de
1044 1091 1167 1173 cespite
1181 1098 1302 1153 uatum.

521 1188 650 1255 Idcirco
665 1190 773 1257 decies
788 1204 961 1259 centenum
976 1216 1096 1259 nomen
1110 1195 1252 1273 habebo,

519 1290 698 1356 Cauliculis
714 1294 830 1357 florens
845 1296 997 1378 quoniam
1013 1295 1061 1359 sic
1076 1295 1167 1358 nulla
1180 1295 1333 1358 frutescit

520 1391 633 1457 Herba
647 1413 705 1476 per
717 1394 901 1458 innumeros
915 1396 1039 1459 telluris
1052 1396 1154 1459 limite
1168 1398 1285 1459 sulcos.

774 1498 822 1557 14.
843 1494 892 1557 De
907 1514 987 1559 orco
1002 1494 1149 1559 librario.

521 1594 619 1659 Nunc
636 1616 708 1659 mea
722 1596 852 1661 Divinis
867 1599 1070 1681 complentur
1084 1599 1206 1662 viscera
1221 1599 1341 1663 verbis:

519 1694 666 1781 Totaque
681 1708 823 1762 sacratos
838 1708 965 1781 gestant
979 1698 1157 1783 praecordia
1169 1698 1296 1763 biblos:

519 1799 641 1861 Arnon
657 1820 701 1863 ex
714 1800 833 1864 iisdem
847 1822 975 1884 nequeo
990 1822 1185 1885 cognoscere
1203 1802 1391 1886 quicquam,

519 1900 639 1964 Infelix
654 1902 718 1966 fato
734 1902 904 1967 fraudabor
917 1925 1049 1967 munere
1063 1904 1131 1981 tali,

523 2000 606 2065 Nam
624 2003 757 2069 demunt
772 2004 850 2070 dirae
865 2006 1019 2069 librorum
1033 2008 1155 2070 lumina
1169 2009 1289 2071 Parcae.

507 2178 511 2187 ,
833 2113 881 2172 lo.
899 2108 952 2171 De
974 2110 1095 2173 Urtico.

521 2206 673 2293 Torqueo
688 2221 883 2294 torquentes,
898 2210 955 2275 sed
969 2212 1094 2275 nullum
1110 2221 1243 2295 torqueo
1258 2224 1382 2295 sponte.

521 2308 654 2374 Laedere
669 2332 729 2374 nec
747 2332 931 2395 quenquam
947 2314 1031 2391 solo,
1045 2314 1079 2377 ni
1093 2313 1183 2397 prius
1197 2313 1268 2397 ipse
1283 2323 1405 2377 reatum

522 2412 710 2492 Contrahnt,
725 2424 757 2479 et
772 2414 907 2479 viridem
922 2415 1049 2479 studeat
1064 2413 1236 2499 decerpere
1251 2416 1393 2479 caulem:

522 2515 659 2579 Fervida
672 2536 749 2579 mox
765 2515 906 2579 hominis
921 2528 1108 2599 turgescunt
1122 2517 1268 2580 membra
1280 2517 1428 2580 nocentis

520 2616 659 2680 Vindico
675 2618 722 2681 sic
738 2638 870 2697 noxam,
886 2617 1087 2702 stimulisque
1102 2616 1241 2681 ulciscor
1254 2617 1367 2681 acutis.

714 2735 964 2781 unumunurn
982 2733 1206 2780 uexasrrcrm.

857 2823 884 2879 1.
904 2817 956 2880 De
969 2837 1065 2900 oqssu

523 2923 604 2995 Quis
619 2945 684 2986 non
701 2924 873 3006 obstupeat
886 2923 988 2984 nostri
1004 2923 1189 3006 spectacula
1202 2922 1269 2996 sati,

520 3027 608 3089 Dum
626 3027 738 3089 virtute
754 3027 820 3089 sero
835 3025 986 3089 silvarum
1000 3026 1117 3089 robora
1130 3023 1244 3088 mille?

520 3129 669 3190 Astacus
684 3127 777 3190 exilis
792 3139 880 3191 tanta
895 3127 1072 3207 gestamina
1086 3128 1215 3210 rumpit,

521 3230 606 3292 Nam
623 3230 767 3292 volucres
782 3229 857 3292 coeli
872 3240 1048 3313 nantesque
1063 3250 1121 3312 per
1136 3250 1266 3312 aequora
1279 3229 1385 3313 pisces

521 3331 605 3395 Olim
623 3342 828 3412 sumpserunt
843 3351 886 3394 ex
901 3351 953 3393 me
969 3329 1145 3413 primordia
1159 3331 1242 3393 vitae.

518 3433 627 3498 Tertia
642 3453 716 3518 pars
731 3430 843 3495 mundi
858 3431 937 3494 mihi
954 3440 1082 3496 constat
1091 3432 1165 3517 jure
1180 3431 1329 3496 tenenda.

665 3541 696 3598 2.
713 3533 765 3598 De
782 3533 905 3596 Oancro
920 3535 977 3616 qui
992 3533 1091 3615 Nepa
1105 3541 1245 3598 vocatur.

521 3640 616 3723 Nepa
629 3638 709 3702 mihi
722 3659 839 3702 nomen
856 3647 979 3702 veteres
993 3636 1105 3701 dixere
1119 3638 1239 3716 Latini,

520 3742 666 3807 Humida
681 3741 844 3826 spumiferi
860 3741 982 3824 spatior
995 3761 1054 3824 per
1066 3741 1173 3805 littora
1187 3745 1288 3825 ponti,

519 3845 673 3909 Passibus
688 3845 853 3908 Oceanum
869 3842 1051 3925 retrograda
1064 3856 1191 3907 transeo
1201 3845 1308 3908 versis.

519 3947 564 4010 Et
579 3955 685 4010 tamen
702 3945 852 4010 aetherius
867 3965 924 4028 per
938 3966 990 4009 me
1005 3945 1174 4009 decoratur
1188 3945 1358 4031 Olympus,

519 4047 607 4110 Dum
621 4046 716 4110 ruber
730 4045 763 4108 in
779 4044 862 4107 coelo
878 4055 910 4106 et
923 4044 1053 4107 bisseno
1068 4043 1171 4106 sidere
1186 4043 1319 4107 scando.

519 4151 634 4214 Ostrea
648 4169 742 4232 quern
757 4154 905 4210 metuunt
919 4145 996 4210 diris
1010 4145 1174 4229 perterrita
1189 4147 1287 4209 saxis.

822 4252 852 4312 3.
871 4246 921 4309 De
941 4246 1093 4328 Tappulo.

520 4355 623 4435 Pergo
639 4373 735 4435 super
748 4353 860 4415 latices
877 4351 995 4434 plantis
1010 4349 1142 4412 suffulta
1155 4349 1319 4433 quaternis

520 4455 590 4518 Nec
607 4464 712 4517 tsmen
728 4455 762 4516 in
777 4452 925 4538 lymphas
941 4472 1049 4515 vereor
1063 4451 1149 4536 quod
1165 4471 1288 4533 mergar
1302 4473 1459 4536 aquosas:
1490 4535 1493 4538 ἦ

516 4555 584 4620 Sed
599 4554 716 4640 pariter
729 4565 827 4617 terras
841 4567 873 4617 et
888 4553 1020 4618 flumina
1034 4554 1125 4618 calco
1138 4552 1299 4636 pedestris
