3759 5425
628 708 786 753 arrsroas
802 708 1038 770 intorserunt,
1054 711 1125 757 arc.
1346 698 1410 759 22⁹

351 860 444 936 citas,
460 860 627 937 acerbitas,
642 860 808 939 Latinitas,
823 864 1014 946 procacitas,
1028 863 1219 944 benignitas,
1233 864 1406 948 cupiditas,

348 962 501 1025 inanitas.
548 963 665 1025 Verum
689 963 759 1027 haec
786 964 917 1027 nomina
942 966 1024 1027 tertii
1053 964 1173 1028 ordinis
1198 966 1231 1029 in
1254 967 1406 1047 singulari

352 1082 490 1127 numero
506 1063 683 1127 seeundum
698 1067 840 1146 regulam
857 1067 994 1129 casualis
1008 1068 1118 1130 sormae
1132 1078 1323 1152 pentaptota
1337 1090 1407 1132 esse

351 1178 540 1241 noscuntur,
565 1165 681 1249 plurali
704 1166 845 1249 triptota·
892 1168 975 1230 ltem
998 1168 1163 1249 imagines,
1185 1168 1336 1251 origines,
1357 1169 1406 1232 hi·

350 1266 517 1343 rundines,
532 1267 740 1343 harundines,
756 1269 960 1353 propagines,
974 1267 1154 1349 voragines.
1192 1270 1302 1333 Verba
1320 1270 1406 1333 simi·

349 1368 424 1429 liter
449 1378 590 1451 tempore
616 1368 774 1451 preterito
800 1370 874 1451 plus
904 1390 1002 1453 quam
1031 1368 1171 1452 perfeeto
1200 1370 1250 1432 his
1279 1370 1408 1451 legibus

351 1466 543 1545 subduntur,
564 1479 600 1532 ut
622 1479 814 1545 amaverant,
837 1469 1022 1552 ligaverant,
1048 1481 1250 1548 necaverant,
1274 1482 1405 1554 putave-

350 1582 434 1648 rant,
446 1571 626 1643 litaverant,
641 1571 831 1650 rigaverant,
846 1582 1051 1653 negaverant,
1066 1582 1099 1635 et
1112 1584 1236 1638 cratera.

399 1674 443 1736 D.
474 1674 554 1746 Qua
583 1671 735 1755 prosodia
763 1674 883 1735 tenoris
912 1672 947 1735 in
976 1672 1118 1737 diiambo
1144 1676 1291 1740 statuitur
1299 1676 1405 1742 t-M.

354 1774 497 1838 Nomina
518 1795 573 1837 seu
600 1774 697 1836 rerba
720 1772 862 1837 diiambo
884 1775 1067 1857 mancipata
1091 1786 1250 1840 acuuntur
1275 1778 1406 1863 quidem

350 1886 390 1939 ut
404 1874 621 1959 dispondaeus,
636 1875 692 1938 sed
712 1876 745 1939 in
767 1876 829 1940 hoc
850 1875 1031 1959 discrepare
1053 1892 1236 1958 cernuntur,
1251 1881 1340 1965 quod
1359 1882 1406 1946 di·

352 1978 527 2062 spoudaeus
549 1978 583 2041 in
602 1978 791 2061 penultima,
815 1977 978 2042 diiambus
1000 1978 1129 2041 veroin
1153 1985 1407 2067 antepenultima

351 2088 483 2145 acutum
498 2078 631 2143 habebit
646 2090 827 2157 accentum,
841 2092 874 2143 et
887 2092 1004 2144 catera
1017 2083 1242 2162 gravabuntur.

742 2182 795 2244 De
809 2182 1004 2245 Ditroelraeo.

397 2286 441 2349 D.
464 2286 516 2349 De
539 2284 691 2347 formulas
714 2286 948 2367 exemplorum,
967 2285 1087 2368 quibus
1112 2284 1277 2351 ditrochaei
1296 2291 1407 2371 regula

352 2398 574 2469 competenter
589 2386 845 2449 clarescat—M.
862 2384 1035 2463 cartilago,
1050 2386 1222 2463 cantilena,
1234 2389 1404 2467 celsitudo,

352 2487 500 2565 altitudo,
516 2486 697 2571 gippitudo,
712 2486 884 2571 lippitudo,
896 2486 1076 2567 longitudo,
1085 2488 1233 2565 latitudo,
1243 2490 1406 2570 fortitudo,

352 2588 551 2671 magnitudo,
579 2587 766 2665 crassitudo,
795 2587 982 2671 spissitudo,
1011 2588 1181 2669 agritudo,
1209 2591 1406 2674 pulcritudo,

351 2692 527 2776 turpitudo,
550 2690 713 2770 fortitudo,
737 2689 905 2755 rectitudo.
952 2690 1036 2754 Haec
1067 2691 1177 2755 omnia
1205 2702 1405 2777 pentoptota

350 2793 526 2876 Excipitur
546 2793 707 2857 cantilena
726 2791 815 2877 quod
835 2791 999 2874 triptotum
1018 2813 1136 2855 nomen
1158 2805 1216 2857 est.
1262 2796 1345 2858 Item
1364 2797 1404 2860 de

351 2895 494 2961 secunda
518 2895 745 2972 declinatione,
768 2905 803 2957 ut
824 2894 1041 2977 publicamus,
1062 2894 1276 2974 Tusculanus,
1296 2916 1406 2979 passe·

349 2997 450 3075 riuus,
466 2997 643 3074 anserinus,
665 2996 858 3080 oppidanus,
880 2995 1075 3069 rusticanus,
1098 2995 1311 3075 Claudianus,
1334 3000 1405 3064 Ha·

351 3098 494 3176 drianus,
529 3099 737 3175 masculinus,
772 3098 955 3174 femininus,
985 3097 1176 3176 Gaditanus,
1208 3099 1406 3176 Gallicanus,

351 3201 562 3278 Formieiuus,
592 3201 803 3277 Maximinus,
832 3200 1048 3283 bombycinus
1079 3199 1255 3264 derivatum
1285 3224 1405 3269 nomen

350 3303 514 3386 epitheton
530 3325 549 3366 a
563 3303 788 3385 bombycibus,
803 3301 836 3364 id
852 3312 901 3364 est
914 3303 1076 3365 vermibus
1091 3324 1174 3385 quos
1195 3305 1288 3369 Seres
1307 3309 1405 3388 vulgo

349 3417 550 3487 nuncupant,
572 3403 658 3467 unde
684 3403 793 3466 Serica
817 3402 916 3466 vestis
941 3401 1032 3465 lestis
1059 3401 1184 3464 filorum
1215 3404 1406 3468 staminibus

351 3508 552 3584 conterritum
589 3504 799 3582 ludibundus,
828 3501 1015 3580 iracundus,
1048 3502 1278 3581 fraudulentus,
1310 3527 1403 3588 pom-

350 3609 514 3692 pulentus,
529 3607 746 3691 corpulentus,
761 3605 955 3682 vinolentus,
970 3605 1178 3678 merulentus,
1194 3605 1404 3689 principatus,

350 3707 535 3795 paludatus,
549 3709 584 3772 id
607 3721 655 3773 est
676 3707 904 3792 paludamento
924 3706 1065 3784 indutus,
1080 3707 1166 3769 sicut
1184 3717 1311 3789 togatus
1330 3720 1405 3792 toga

350 3809 482 3874 vestitus
511 3810 637 3874 dicitur.
683 3811 723 3872 ln
753 3812 919 3872 verborum
950 3827 1080 3891 quoque
1108 3806 1215 3871 modis
1240 3819 1273 3872 et
1296 3829 1405 3892 perso·

350 3932 464 3976 narum
479 3911 748 3976 declinationibus
764 3909 958 3973 ditrochaeus
972 3909 1137 3993 reperitur,
1151 3920 1187 3973 ut
1200 3910 1405 3993 castigamus,

350 4014 544 4094 lectitamus,
568 4016 757 4096 irrogamus,
781 4015 1002 4093 subrogamus,
1031 4011 1242 4087 clamitamus,
1267 4011 1404 4076 fascina-

351 4137 434 4193 mus,
448 4117 657 4200 pastinamus,
671 4116 878 4193 ruminamus,
894 4126 946 4178 ut:

493 4222 557 4276 llice
569 4223 617 4277 sub
628 4224 704 4290 nigra
715 4221 844 4294 pallentes
856 4221 971 4272 ruminat
980 4218 1084 4272 barbis:

351 4319 530 4403 expiamus,
545 4321 735 4397 sauciamus,
755 4316 981 4392 confricamus,
999 4316 1243 4396 strangulamus,
1260 4314 1402 4381 sciscita-

352 4441 433 4496 mur,
444 4420 677 4498 machinamur,
691 4417 920 4503 prestolamur.
966 4415 1023 4480 Sic
1032 4413 1192 4480 infinitivo
1203 4415 1300 4481 modo
1310 4419 1403 4482 fasci·

352 4545 438 4598 aare,
459 4525 630 4606 pastinare,
646 4521 824 4602 remigrare.
870 4518 1089 4602 Excipiuntur
1108 4520 1235 4602 passiva
1253 4532 1287 4584 et
1305 4520 1404 4605 depo·
