3759 5425
400 696 462 755 250

682 710 838 757 serstout
852 710 896 757 tu
911 711 1090 771 ACIBGIUH,
1106 712 1179 758 BTC.

810 868 840 926 6.
859 862 909 926 De
926 863 1033 928 Lutra.

484 963 580 1026 Nunc
597 985 657 1045 ego
674 984 747 1027 cum
762 966 877 1047 pelago
892 966 964 1029 fatis
979 965 1206 1029 communibus
1220 964 1317 1039 insto,

485 1064 647 1148 Tempora
661 1065 834 1147 reciprocis
850 1069 1045 1130 convolvens
1059 1074 1223 1129 menstrua
1236 1064 1350 1147 cyclis,

487 1166 534 1229 Ut
549 1165 628 1228 mihi
641 1165 782 1229 lucifluae
798 1165 956 1231 decrescit
969 1168 1071 1249 glorie
1085 1168 1206 1240 1011100,

489 1266 542 1328 Sic
558 1276 730 1347 augmenta
745 1266 832 1329 latex
848 1265 1011 1328 cumulato
1026 1266 1152 1346 gurgite
1166 1263 1281 1346 perdit

730 1374 759 1429 7.
777 1370 827 1430 De
843 1367 925 1430 Fato
940 1369 989 1430 001
1007 1367 1136 1431 Genesi.

478 1457 678 1541 'Fecundum
693 1485 820 1540 constat
833 1476 997 1559 quondam
1013 1477 1171 1541 cecinisse
1185 1488 1323 1561 poetam,

491 1580 564 1651 Quo
580 1578 670 1640 Deus
686 1590 718 1640 et
732 1578 797 1659 qtio
813 1577 893 1640 dure
906 1590 1002 1640 vocat
1017 1578 1168 1655 Fortuna,
1183 1596 1363 1660 sequemur.

492 1680 549 1742 Me
565 1690 685 1743 veteres
699 1679 779 1743 salso
795 1680 971 1743 Dominam
986 1680 1124 1743 vocitare
1138 1679 1300 1741 solebant:

493 1780 628 1864 Sceptra
641 1801 753 1862 regens
768 1780 890 1858 mundi,
905 1780 983 1844 dum
999 1777 1119 1844 Christi
1133 1780 1236 1862 gratia
1249 1786 1367 1860 regnet.

817 1886 846 1943 8.
864 1883 915 1945 De
931 1882 1020 1946 Sole.

495 1982 629 2045 Dudum
644 1982 778 2066 lympha
792 1982 837 2046 tui
853 2004 1027 2068 squamoso
1042 1985 1133 2068 pisce
1148 1980 1346 2046 redundans:

495 2085 561 2150 Sed
576 2096 689 2149 nutura
702 2105 785 2148 novo
801 2086 857 2149 sati
873 2085 1057 2150 discrimine
1072 2086 1178 2163 cessit,

495 2186 632 2252 Torridn
647 2186 723 2249 dum
739 2186 862 2250 calidos
876 2187 981 2271 patior
995 2198 1152 2251 tormenta
1167 2209 1225 2271 per
1238 2189 1337 2269 ignes.

499 2290 583 2351 Num
600 2288 699 2351 cineri
714 2287 812 2351 facies
826 2287 1021 2373 nivibusque
1037 2290 1200 2353 simillima
1212 2289 1324 2370 fulget.

620 2393 649 2452 9.
673 2390 725 2452 Dc
740 2388 961 2469 Heliotropin,
976 2392 1041 2452 tice
1057 2391 1250 2474 Soltssequc.

498 2493 621 2575 Sponte
635 2512 707 2553 meu
721 2510 837 2554 nascor
851 2489 1003 2554 ioecundo
1019 2494 1140 2575 cespite
1155 2513 1300 2565 vernans,

499 2590 636 2674 Fulgida
650 2591 690 2654 de
706 2611 820 2655 crocco
835 2591 1013 2656 flavescuut
1027 2594 1169 2657 culmina
1184 2595 1278 2656 flore:

500 2692 647 2761 Occiduo
663 2693 804 2773 claudor,
820 2693 866 2758 sic
883 2706 952 2758 orto
968 2697 1035 2760 sole
1051 2708 1191 2781 patesco.

502 2797 599 2865 Unde
614 2797 788 2880 prudentes
801 2808 980 2879 posuerunt
992 2798 1125 2863 nomine
1139 2793 1257 2864 Graeci.

642 2911 690 2970 10.
716 2905 767 2968 De
779 2927 943 2986 puerpera
956 2909 1099 2987 pominus
1113 2911 1224 2971 enixu.

502 3023 584 3086 Sunt
598 3019 676 3081 mihi
692 3037 750 3081 sex
766 3016 863 3093 oculi,
876 3015 1012 3080 totidem
1027 3017 1265 3080 simulantibus
1280 3029 1373 3080 exsto
1385 3041 1394 3094 ;

503 3119 567 3185 Sed
583 3119 701 3202 digitos
717 3117 824 3182 decies
840 3137 934 3180 senos
949 3117 984 3178 in
999 3138 1132 3200 corpore
1148 3129 1258 3200 gesto;

503 3223 557 3286 Ex
574 3221 690 3305 quibus
706 3240 781 3283 ecce
798 3232 910 3302 quator
925 3219 1018 3282 denis
1033 3217 1073 3282 de
1089 3240 1184 3282 carne
1200 3220 1354 3296 revulsis3

504 3322 684 3406 Quinquies
700 3331 868 3383 attentum
884 3318 977 3384 video
992 3341 1154 3384 remancre
1169 3333 1350 3406 quatemus.

707 3432 755 3491 ll.
779 3430 832 3492 De
847 3429 1026 3493 adamante
1041 3430 1162 3511 lapide.

505 3543 559 3608 En
575 3561 635 3621 ego
649 3559 714 3600 non
730 3558 839 3600 vereor
853 3537 950 3618 rigidi
966 3538 1149 3602 discrimine
1163 3541 1245 3616 ferri,

504 3645 718 3707 Fiammsrum
733 3659 793 3701 nec
809 3647 891 3702 torre
907 3660 1046 3716 cremor3
1071 3639 1126 3703 sed
1141 3641 1296 3722 sunguine
1312 3641 1400 3724 capri

506 3745 616 3808 Virtus
630 3740 777 3805 indomiti
794 3741 953 3804 mollescit
967 3741 1047 3804 dura
1061 3743 1184 3825 rigoris.

494 3838 561 3914 istc
578 3867 671 3910 cruor
686 3855 867 3927 exsuperat,
883 3865 977 3927 quem
992 3845 1091 3908 serres
1105 3865 1210 3908 masse
1225 3845 1378 3927 pavescit.

801 3957 850 4015 12.
875 3953 926 4016 Dc
943 3953 1085 4017 Molosso.

511 4069 564 4132 Sic
579 4089 629 4131 me
640 4063 832 4151 jamdudum
848 4083 951 4126 rorum
968 4065 1148 4127 veneranda
1162 4076 1304 4146 potestus

509 4171 641 4234 Fecerat
656 4177 691 4230 ut
706 4163 827 4228 domini
844 4165 1040 4229 truculentos
1055 4187 1227 4250 persequar
1241 4167 1350 4229 hostes

509 4270 658 4335 Rictibus
672 4288 760 4352 [arma
776 4287 888 4346 gorens
903 4265 1060 4329 bellorum
1076 4268 1186 4350 praelin
1200 4280 1306 4350 patro:

512 4373 558 4436 Et
572 4380 676 4434 tumen
692 4369 848 4432 infantum
865 4365 992 4448 fugiens
1007 4389 1084 4431 mox
1100 4370 1229 4431 verbera
1244 4369 1318 4430 vito.
