3759 5425
643 758 796 807 srrsrons
812 762 854 807 su
870 759 1047 819 scrncrnu,
1063 759 1134 805 arc.
1348 744 1412 802 806

356 906 401 974 de
417 911 509 976 tertia
523 912 740 979 declinatione
763 914 805 979 ad
820 916 962 996 regulam
978 912 1083 977 Ionici
1104 909 1234 998 majoris
1249 908 1409 995 decerpsi·

356 1032 443 1089 mus,
458 1012 493 1075 in
508 1013 661 1097 singulari
684 1036 816 1079 numero
837 1023 1026 1099 pentaptota
1045 1021 1131 1090 sunt,
1145 1012 1180 1075 in
1201 1009 1316 1094 plurali
1331 1010 1409 1094 trip·

357 1120 437 1175 tota.
483 1113 566 1177 Item
597 1116 772 1179 masculina
807 1116 857 1179 vel
887 1115 1072 1179 communia
1105 1112 1240 1198 triptota
1274 1121 1409 1197 utroque

356 1235 503 1295 numero,
512 1228 548 1281 ut
557 1217 722 1293 mirabilis,
732 1218 913 1296 laudabilis,
922 1219 1070 1297 affabilis,
1079 1216 1225 1282 effabilis.
1241 1215 1408 1298 Virgilius:

501 1321 785 1379 Neorisufscilisnec
797 1325 868 1379 dictu
880 1324 1002 1391 effabilis,

358 1420 558 1501 spectabilis,
572 1422 750 1505 triplabilis.
800 1421 967 1487 Sedulius:

500 1527 577 1591 Quod
588 1526 700 1599 simplex
711 1526 832 1600 triplicet,
846 1527 964 1597 quodque
976 1533 1017 1580 cst
1028 1526 1159 1600 triplabile
1170 1525 1298 1599 simplex:

358 1623 570 1701 ramusculus,
578 1626 781 1689 rumusculus
790 1623 877 1710 quod
892 1632 943 1687 est
955 1623 1090 1688 rumoris
1106 1623 1338 1699 diminutivum,
1347 1624 1408 1688 fra·

358 1722 511 1801 terculus,
525 1725 715 1806 laterculus:
738 1747 812 1791 nam
832 1727 1015 1811 paterculus
1037 1726 1135 1791 Paeon
1156 1726 1319 1792 secundus
1338 1748 1408 1790 csse

358 1820 1409 1912 dignoscitur,majusculus,complusculus,latrunculus,sumncu·

359 1924 1407 2013 lus,carbunculus‚lenunculus,authenticus,pauxillulustirun·

359 2029 463 2103 culus,
479 2033 684 2109 ranunculus,
700 2032 877 2107 arnotinus,
892 2031 1092 2112 hornotinus,
1103 2054 1237 2118 quorum
1249 2032 1409 2117 primitiva

359 2142 436 2195 sunt
450 2132 562 2217 major,
576 2135 661 2218 plus,
674 2136 767 2207 latro,
782 2134 842 2213 fur,
865 2136 974 2212 carbo,
987 2135 1073 2213 leno,
1092 2136 1219 2218 paulus,
1234 2136 1307 2212 tiro,
1320 2156 1408 2212 rana,

359 2254 468 2313 arnus,
496 2235 609 2298 horno.
654 2237 738 2301 Nam
770 2236 959 2301 diminutiva
987 2235 1247 2300 diminutivorum
1280 2236 1405 2300 inveni·

358 2346 467 2415 untur,
482 2347 517 2401 ut
531 2339 647 2420 paulus
661 2335 821 2422 paululus,
835 2337 1000 2423 pauxillus
1011 2337 1208 2420 pauxillulus
1216 2360 1225 2416 ;
1247 2337 1293 2400 ita
1304 2358 1406 2419 agnus

359 2437 529 2521 agniculus
551 2439 728 2521 agnicellus
755 2438 983 2522 agnicellulus3
1013 2436 1061 2500 sic
1087 2457 1192 2515 mons,
1216 2450 1249 2501 et
1273 2435 1405 2522 reliqua.

360 2540 443 2604 Haec
460 2547 648 2624 pentaptota
669 2550 744 2604 sunt
766 2538 980 2622 singulariter,
994 2547 1029 2601 et
1051 2547 1222 2619 tetraptota
1234 2536 1404 2622 pluraliter.

359 2642 444 2707 Item
459 2654 582 2722 neutra,
599 2652 634 2706 ut
647 2642 821 2720 fastidium,
835 2640 1020 2705 ludibrium.
1063 2637 1233 2721 Virgilius:

604 2750 700 2823 rapidis
711 2750 824 2804 ludibria
834 2749 926 2812 ventis,

357 2847 562 2932 plumarium,
577 2847 733 2928 serarium,
746 2846 962 2931 proscenium.
1005 2845 1175 2928 Virgilius:

604 2955 696 3008 meunt
706 2955 841 3026 proscenia
851 2952 915 3019 ludi,

358 3050 535 3129 collarium,
554 3052 759 3136 plantarium,
779 3051 980 3137 palmarium,
998 3049 1087 3134 quod
1108 3049 1141 3113 in
1164 3050 1272 3133 palma
1292 3059 1351 3128 est,
1372 3049 1407 3114 id

358 3162 407 3218 est
425 3154 460 3216 in
475 3153 569 3218 laude
584 3153 737 3236 victoriae,
750 3153 941 3234 convivium,
963 3151 1151 3232 colludium,
1166 3152 1407 3236 corpusculum,

358 3256 581 3340 turpisculum,
591 3256 797 3340 spiraculum,
807 3257 966 3336 solatium,
977 3257 1189 3332 cenaculum,
1200 3254 1406 3335 venabulum,

359 3357 589 3441 spectaculum,
615 3359 819 3440 mastigium3
841 3357 1043 3437 miraculum,
1067 3357 1276 3422 connubium.
1323 3359 1406 3422 Haec

357 3457 513 3522 naucula
526 3457 561 3521 in
575 3467 710 3544 utroque
725 3480 858 3524 numero
873 3459 1007 3542 triptota
1021 3470 1103 3522 sunt.

401 3559 444 3622 D.
468 3557 522 3622 Da
542 3560 668 3642 regulas
690 3561 856 3624 rcrbomm
879 3579 953 3642 quae
975 3557 1052 3622 huic
1068 3557 1145 3641 pedi
1166 3556 1297 3621 minime
1312 3558 1405 3622 refra-

358 3660 575 3743 gentur.-M.
591 3661 746 3740 Elimino,
767 3660 939 3744 ingurgito,
961 3658 1171 3743 procrastino,
1193 3657 1333 3738 eradico,
1355 3659 1404 3723 in·

358 3761 474 3844 signio,
488 3763 632 3840 lascivio,
646 3765 813 3842 exhaurio,
827 3763 967 3842 emollio,
978 3760 1163 3839 obstetrico,
1175 3772 1210 3824 ut
1220 3760 1254 3824 in
1267 3761 1402 3826 Exodo:

360 3863 406 3926 Ut
431 3861 560 3947 quando
586 3863 837 3928 obstetricabitis
863 3863 1040 3938 Hebraeas:
1069 3860 1212 3938 enuntio,
1238 3863 1405 3940 annuntio,

358 3958 556 4042 congaudeo,
571 3961 718 4039 enucleo,
733 3961 885 4037 assentio,
901 3960 1081 4036 consentio,
1104 3961 1220 4041 irretio,
1236 3965 1404 4046 praesagio,

356 4059 493 4140 insanio,
515 4061 671 4139 custodio,
694 4059 890 4140 discrimino,
905 4061 1095 4140 determino,
1117 4061 1255 4139 fastidio,
1276 4076 1403 4129 contor-

358 4179 452 4244 queo,
470 4160 673 4246 resplendeo,
694 4161 828 4227 arrideo.
875 4165 926 4227 lta
947 4162 1088 4227 firturum
1110 4171 1238 4246 tempus
1259 4163 1403 4247 ejusdem

355 4261 440 4326 modi
456 4263 622 4328 indicativi
646 4265 737 4328 binas
759 4264 897 4329 admittit
918 4285 1084 4349 personas,
1098 4264 1311 4347 gaudebimus
1325 4290 1402 4350 gau·

357 4361 480 4441 debitis,
504 4366 717 4431 mulcabimus
747 4367 813 4443 ·tis‚
843 4366 1058 4430 sculcabimus
1088 4367 1155 4445 ·tis‚
1183 4370 1403 4438 truncabimus

360 4465 422 4544 ·tis‚
436 4467 630 4530 lentabimus
645 4465 709 4532 ·tis.
755 4467 921 4550 Virgilius:

500 4579 571 4633 Ante
583 4579 719 4634 Trinacria
729 4579 867 4634 lentandus
878 4596 965 4632 remus
975 4579 1002 4632 in
1013 4579 1091 4646 unda,

871 4687 894 4731 x
