3759 5425
545 761 588 805 nr
602 761 779 822 uuonacrn
795 761 969 808 arosrocrs
984 761 1169 808 nnorcarrs.
1346 749 1405 808 lar

445 914 560 978 Donec
577 915 733 997 supremis
748 915 925 979 scintillent
938 917 1035 980 saecla
1049 915 1174 993 favillis,

443 1016 488 1079 Et
501 1015 613 1080 mundi
628 1016 739 1094 moles,
753 1027 878 1081 montes
893 1018 1054 1101 collesque
1069 1017 1261 1101 liquescant,

444 1118 549 1201 Atque
566 1128 717 1182 creaturae
732 1138 874 1182 cerarum
890 1119 999 1182 fluxus
1013 1118 1055 1182 ad
1069 1117 1170 1182 instar

444 1219 597 1282 Machina
611 1220 802 1284 succumbat
815 1221 944 1283 flamma
959 1220 1133 1303 crepitante
1149 1239 1207 1302 per
1221 1219 1341 1281 orbem.
1418 1227 1420 1232 “

832 1582 931 1645 ΧΙΙΙ.

446 1729 620 1814 Supremus
633 1754 801 1795 numerum
817 1733 991 1796 concludat
1004 1732 1179 1797 Tbaddeus
1195 1735 1326 1812 almum,

446 1832 507 1897 Cui
521 1854 700 1917 cognomen
715 1845 781 1898 erat
794 1834 984 1918 praeclarum
1000 1833 1143 1898 Libbeus
1157 1835 1245 1913 olim,

445 1935 547 2006 Quem
562 1936 694 1999 duxisse
708 1935 814 1999 ferunt
828 1935 948 2000 Christi
963 1956 1037 1998 cum
1054 1946 1227 2017 grammate
1243 1935 1396 2002 schedam

443 2038 601 2119 Abagaro,
616 2037 780 2122 quondam
795 2038 852 2120 qui
867 2038 955 2119 regni
971 2047 1098 2121 sceptra
1112 2039 1253 2121 regebat,

443 2138 617 2223 Postquam
631 2141 818 2203 Tartareum
833 2137 998 2203 damnavit
1011 2150 1110 2202 morte
1125 2149 1305 2222 tyrannum,

446 2241 490 2304 Et
503 2243 590 2305 tetris
605 2241 706 2305 Erebi
721 2241 864 2323 gaudens
879 2243 1007 2306 emersit
1021 2243 1062 2306 ab
1078 2242 1187 2306 antris,

444 2344 533 2407 Exin
549 2343 709 2408 sidereum
724 2342 872 2406 Christus
886 2342 1078 2407 conscendit
1091 2343 1275 2428 Olympum.

443 2444 572 2509 Dicitur
585 2445 638 2508 bic
655 2445 751 2509 etiam
763 2447 890 2526 vulgato
904 2445 1033 2508 nomina
1047 2444 1068 2508 J
1069 2442 1159 2520 udas,

446 2545 547 2631 Cujus
560 2547 712 2629 praesenti
726 2546 839 2610 laudes
853 2547 1055 2610 celebrantur
1068 2545 1102 2606 in
1118 2545 1210 2608 aula:

445 2649 507 2721 Qui
521 2648 618 2714 nobis
632 2648 744 2712 binum
759 2647 898 2713 facundo
911 2647 1029 2709 famine
1044 2646 1178 2727 byblum

443 2750 567 2829 Edidit,
580 2750 729 2835 antiquas
742 2751 951 2835 promulgans
967 2770 1020 2812 ore
1036 2748 1191 2832 loquelas,

443 2854 529 2925 Quas
543 2854 660 2917 Enoch
675 2855 782 2936 prisco
798 2852 970 2934 descripsit
984 2859 1127 2935 tempore
1142 2861 1230 2916 vates

443 2957 527 3018 Ante
541 2976 643 3039 rapax
658 2951 815 3017 mundum
831 2974 926 3037 quam
937 2963 1056 3036 pontus
1071 2954 1224 3037 plecteret
1238 2954 1347 3033 undis,

442 3055 572 3132 Dicens,
586 3056 676 3118 Ecce
692 3056 779 3118 venit
794 3054 955 3117 Dominus
970 3076 1043 3117 curu
1053 3054 1196 3119 millibus
1211 3057 1304 3120 almis

443 3156 564 3219 Ponere
573 3155 734 3240 judicium
751 3155 877 3219 cunctis
890 3154 1111 3220 babitantibus
1126 3158 1247 3237 orbem,

443 3258 531 3329 Quos
546 3257 649 3318 nubes
663 3256 806 3338 appellat
821 3276 920 3337 aquas
935 3255 1073 3319 stillante
1089 3266 1244 3333 carentes,

443 3358 572 3441 Frigida
586 3378 665 3441 quas
680 3356 801 3439 rapidis
816 3353 1004 3439 dispergunt
1018 3358 1148 3421 flamina
1162 3359 1276 3438 ventis,

444 3462 595 3525 Necnon
611 3459 777 3522 arboribus
792 3459 891 3521 sterili
907 3457 948 3521 de
963 3458 1070 3541 stipite
1085 3460 1168 3523 natis

444 3564 626 3645 Comparat,
642 3562 815 3624 Auctumni
830 3582 901 3644 quae
916 3560 1054 3624 fructum
1069 3570 1213 3644 tempore
1226 3562 1375 3646 perdunt.

444 3665 497 3730 Sic
513 3685 642 3749 quoque
657 3662 838 3747 spumiferis
852 3661 1008 3724 undarum
1024 3662 1177 3725 fluctibus
1192 3675 1297 3747 aequat

443 3764 634 3829 Errabunda
647 3783 767 3826 vocaus
781 3763 930 3827 caelorum
947 3760 1053 3824 sidera
1067 3769 1185 3839 sontes,

446 3870 509 3942 Qui
524 3878 649 3931 servata
663 3876 761 3930 restat
772 3864 952 3929 tenebrosis
966 3884 1063 3948 poena
1077 3866 1235 3946 procellis.

444 3972 570 4054 Nempe
583 3969 665 4032 seras
681 3978 790 4047 gentes
805 3977 837 4031 et
849 3967 943 4049 ponti
956 3968 1090 4030 barbara
1104 3987 1201 4050 regua

443 4072 547 4136 Judas
561 4070 603 4134 ad
619 4068 797 4133 Dominum
812 4068 965 4133 doctrinis
980 4070 1115 4132 flexerat
1129 4070 1232 4147 almis,

443 4174 547 4260 Cujus
557 4174 593 4235 in
606 4172 757 4235 Armenia
772 4172 910 4254 sopitum
925 4183 1024 4235 morte
1041 4168 1187 4250 cadaver,

442 4278 715 4340 Exsurrecturum
730 4273 817 4336 fatali
833 4272 897 4337 fine
914 4274 1061 4358 quiescit,

441 4378 506 4443 Sed
522 4388 631 4441 tamen
645 4375 799 4439 aethereas
812 4375 958 4439 lustravit
972 4376 1101 4457 spiritus
1115 4395 1214 4438 arces.
