3759 5425
401 700 406 709 ·
476 684 538 742 260

760 708 916 757 ΒΡΙΒΤΟΙΔ
931 711 975 759 ΔΙ)
991 710 1167 770 someron,
1184 710 1257 759 Bw.

564 854 639 921 Vita
653 858 814 926 viventum
828 884 977 946 generem
991 876 1070 950 quot
1083 864 1184 928 millis
1198 860 1314 948 partui

564 956 628 1020 His
642 980 748 1046 neque
762 984 821 1048 per
836 967 952 1030 caelum
965 966 1125 1031 rutilantis
1139 964 1244 1030 sidera
1257 964 1401 1047 spbaerae,

564 1056 758 1145 Fluctivegoe
773 1066 865 1149 ponti
880 1088 940 1132 nec
955 1079 1204 1153 compensantur
1218 1088 1329 1132 mena.

703 1170 751 1229 lo.
777 1166 829 1229 De
843 1168 932 1231 mod>
946 1169 1074 1249 arbore,
1088 1170 1141 1232 ool
1154 1168 1307 1233 Moneo.

562 1260 681 1329 Fausta
694 1266 738 1330 fui
752 1269 855 1351 primo
871 1270 984 1335 mundi
996 1272 1162 1337 nascentis
1175 1270 1264 1353 origo

561 1364 677 1432 Donec
693 1380 869 1453 prostratus
883 1376 1108 1438 succumberet
1121 1385 1188 1439 arte
1202 1372 1354 1455 maligni:

561 1470 617 1534 Ex
632 1493 683 1535 me
697 1484 774 1540 tunc
790 1476 903 1559 prison
918 1479 1075 1561 processit
1088 1498 1188 1542 causa
1202 1477 1314 1555 ruinas,

562 1570 681 1637 Dulcia
695 1593 768 1655 quoe
783 1575 917 1641 rudibus
932 1577 1097 1641 tradebam
1112 1578 1196 1641 mulo
1211 1577 1346 1641 colonis.

559 1672 613 1737 En
627 1674 740 1739 iterum
756 1676 878 1742 mundo
893 1686 993 1743 testor
1007 1700 1165 1744 remeasse
1179 1680 1325 1755 salutem,

560 1774 676 1859 Stipite
691 1776 732 1841 de
747 1781 858 1861 patulo
873 1779 952 1845 dum
965 1780 1122 1867 penderet
1135 1780 1253 1844 arbiter
1266 1780 1363 1858 orbis,

560 1876 605 1941 Et
619 1898 736 1960 poenss
750 1880 852 1945 lueret
865 1883 995 1946 soboles
1007 1882 1190 1947 veneranda
1204 1882 1370 1947 Tonantis.

857 1985 907 2046 16.
930 1981 1147 2063 Dcfiuslnca.

558 2080 640 2154 Quis
654 2081 743 2165 prior
756 2082 790 2146 in
805 2083 927 2148 mundo
943 2082 1141 2169 deprompsit
1154 2084 1297 2166 tegmina
1309 2082 1427 2147 vestis?

558 2183 624 2247 Aut
638 2183 712 2265 quis
727 2184 899 2249 clementer
912 2186 1062 2250 miserum
1077 2185 1220 2268 protexit
1233 2181 1391 2268 egenum?

557 2282 650 2347 Irrita
665 2304 731 2347 non
746 2284 877 2349 referam
894 2285 999 2349 verbis
1012 2306 1076 2349 nec
1090 2285 1203 2349 frivola
1216 2284 1356 2367 fingam:

558 2382 711 2448 Primitus
724 2384 760 2447 in
774 2394 858 2449 terra
871 2386 1002 2471 proprio
1016 2385 1058 2451 de
1072 2408 1206 2471 corpore
1219 2388 1364 2470 peplum,

558 2488 606 2551 Ut
620 2486 705 2551 fama
718 2485 826 2567 fertur,
839 2487 991 2572 produxi,
1005 2486 1173 2551 frondibus
1189 2487 1280 2552 altis:

555 2588 671 2654 Carica
686 2608 736 2652 me
752 2598 862 2653 curvet
876 2588 954 2653 dum
968 2587 1081 2652 massis
1096 2589 1216 2672 pabula
1229 2597 1359 2672 prestet

557 2688 697 2756 Sedulus
711 2690 863 2774 agricola,
877 2691 1000 2755 brumae
1015 2709 1096 2774 quas
1110 2701 1254 2773 tempore
1269 2688 1400 2754 mandit.

831 2797 879 2854 17.
903 2789 958 2854 De
973 2789 1157 2853 Heliodoro.

554 2893 697 2975 Ostriger
711 2893 745 2956 in
760 2913 833 2956 arvo
848 2893 1019 2957 vernabam
1034 2891 1202 2956 frondibus
1216 2891 1307 2956 hirtis

553 2993 704 3059 Concilio
718 2995 833 3059 similis
848 2995 895 3059 sic
911 2995 997 3059 cocti
1011 2994 1132 3058 murice
1147 2996 1255 3074 rubro,

553 3097 735 3180 Purpureus
750 3094 850 3163 stillet
864 3099 995 3181 sanguis
1009 3097 1051 3162 de
1065 3097 1183 3162 vertice
1197 3097 1297 3180 guttis

553 3197 700 3262 Exuvias
715 3200 787 3264 vitae
803 3199 970 3264 mandenti
986 3201 1097 3263 tollere
1111 3201 1200 3276 nolo,

554 3301 650 3365 Mitis
664 3322 724 3366 nec
740 3303 868 3387 penitus
884 3302 1073 3387 spoliabunt
1086 3312 1191 3366 mente
1205 3323 1348 3367 venena:

554 3404 619 3471 Sed
634 3414 742 3469 tamen
757 3405 905 3470 insenum
921 3415 1019 3470 vexat
1034 3403 1195 3469 dementia
1209 3404 1326 3484 cordia,

552 3509 641 3574 Dum
655 3515 738 3570 rotet
752 3505 787 3569 in
803 3527 881 3591 gyro
896 3527 1008 3571 vecors
1022 3504 1176 3586 vertigine
1192 3507 1343 3570 membra.

851 3613 900 3674 ls.
924 3608 978 3673 De
994 3608 1135 3672 Gamala.

553 3713 675 3780 Consul
691 3733 778 3777 erem
792 3709 956 3794 quondam
970 3709 1149 3783 Romanus,
1164 3708 1266 3786 miles,
1280 3720 1440 3793 equester,

553 3815 682 3879 Arbiter
695 3813 830 3899 imperio
846 3813 923 3876 durn
938 3811 1028 3895 regni
1043 3821 1171 3894 sceptra
1185 3813 1333 3893 regebat:

552 3919 650 3982 Nune
665 3937 747 3980 onus
761 3911 955 3978 horrendum
970 3919 1162 3976 convectant
1175 3931 1309 3997 corpora
1322 3912 1422 3996 gibbi,

552 4019 598 4084 Et
612 4018 727 4102 premit
740 4018 931 4081 immensum
948 4013 1136 4077 truculentae
1151 4013 1277 4077 sarcina
1290 4013 1394 4078 molis.

552 4121 670 4186 Terreo
685 4113 892 4201 cornipedum
905 4133 994 4175 nunc
1009 4114 1103 4176 velox
1119 4133 1234 4196 agmen
1250 4132 1416 4195 equorum,

553 4220 617 4295 Qui
632 4218 749 4303 trepidi
768 4216 895 4299 fugiunt
909 4235 986 4276 mox
1002 4212 1264 4298 quadrupedante
1279 4221 1387 4277 meatu

554 4323 642 4387 Dum
658 4319 756 4384 trucis
772 4317 962 4400 adspectant
976 4314 1149 4377 immensos
1163 4314 1308 4397 corporis
1322 4323 1418 4378 anus.

741 4425 790 4484 19.
813 4417 866 4483 De
879 4415 994 4499 aspide
1006 4415 1059 4476 vel
1072 4413 1242 4478 Bositr‘sco.

553 4521 707 4589 callidior
723 4521 848 4587 cunctis
863 4539 939 4584 sura
954 4516 1158 4582 vescentibus
1173 4517 1291 4594 ethre,
