3759 5425
459 640 523 698 tm
742 650 899 698 arrarum
916 652 962 697 an
974 651 1152 709 acrnmun,
1168 650 1242 696 rrrc.

459 806 592 883 ambire,
606 818 640 871 et
653 816 778 870 catera.
822 806 999 890 Participia
1013 827 1142 889 quoque
1156 800 1253 869 futuri
1268 805 1434 888 temporis
1446 823 1532 886 pru-

459 908 540 971 dicti
554 906 648 991 pedis
662 908 848 971 famulatum
867 907 1000 971 minime
1020 906 1200 991 repudiant,
1214 916 1251 969 nt
1264 918 1433 983 recurras,
1446 922 1532 967 mer·

460 1032 561 1087 rurus,
575 1022 771 1093 sumpturus,
784 1010 950 1087 missurus,
962 1011 1114 1086 lecturus,
1126 1020 1266 1084 acturus,
1281 1007 1426 1071 risurus.
1469 1005 1530 1069 Sic

460 1107 1527 1199 ctpassivasignificatione,atmergendussumenduamittendns

460 1217 503 1279 At
512 1235 585 1277 vero
593 1212 763 1293 regendus,
772 1211 941 1296 legendus,
949 1209 1274 1294 agendnarirendus,
1282 1209 1528 1295 amphibracho

458 1316 692 1399 mancipantur.
722 1313 877 1387 Quadam
894 1313 1063 1397 participia
1073 1313 1224 1397 praeteriti
1234 1313 1395 1395 temporis
1403 1313 1526 1394 palim-

457 1416 596 1480 bacchio
626 1415 846 1499 suppeditant,
875 1424 911 1478 ut
940 1427 1138 1497 compactus,
1166 1413 1314 1489 infectura,
1343 1422 1526 1487 mactatus,

460 1528 612 1599 gestatus,
627 1514 786 1593 denusus,
800 1528 948 1593 retortus,
961 1536 1144 1599 perpessus,
1158 1514 1342 1597 depressus,
1356 1512 1525 1587 adnexus,

461 1618 664 1699 complexus,
680 1614 828 1695 desexus,
843 1617 1010 1692 contritus,
1029 1615 1204 1679 consultus.
1250 1613 1316 1678 Sed
1335 1615 1471 1677 attritus
1490 1627 1525 1678 et

461 1717 627 1783 consultus
641 1727 673 1781 et
687 1718 820 1781 nomina
839 1728 915 1780 sunt
933 1728 967 1779 ct
985 1716 1175 1799 participia:
1198 1715 1255 1778 ubi
1273 1726 1382 1778 autem
1403 1717 1523 1796 regula

459 1819 699 1903 participiorum
715 1820 898 1900 fungantur,
913 1818 1068 1900 Virgilius
1082 1817 1224 1881 declarat
1236 1816 1369 1881 dicens:

637 1932 665 1977 et
676 1924 746 1977 sulco
758 1926 862 1977 attritus
874 1922 1054 1994 splendescere
1064 1940 1160 1975 vomer.

460 2024 504 2085 Et
519 2042 625 2085 rursus
639 2022 743 2086 idem:

635 2128 784 2181 Inconsrlte
796 2130 893 2183 abeunt
904 2131 1045 2199 sedemque
1056 2130 1134 2184 odere
1146 2128 1261 2199 Srbyllrr·

460 2227 586 2289 Nomen
613 2248 688 2290 raro
714 2239 763 2289 est
787 2228 843 2291 ubi
868 2228 987 2291 dicitur
1012 2230 1067 2291 Ex
1092 2228 1192 2291 totius
1218 2230 1518 2292 senatus-consulto

461 2327 625 2393 decretum
653 2341 710 2392 est.
767 2331 812 2393 Et
841 2330 966 2393 Plinius
995 2330 1164 2413 Physicus,
1190 2328 1350 2394 Caetenrm
1381 2329 1515 2413 (inquit)

460 2432 568 2496 attritu
584 2430 757 2513 digitorum
772 2442 906 2514 accepta
921 2432 1036 2495 caloris
1051 2432 1159 2494 anima
1171 2445 1204 2494 et
1218 2431 1349 2515 reliqua

505 2536 547 2599 D.
571 2537 644 2608 Quo
670 2546 805 2599 accentu
824 2534 1081 2618 palimbacchius
1102 2536 1335 2619 pronunciatur
1343 2534 1451 2599 ?-M.
1477 2535 1514 2598 Si
1637 2579 1639 2614 ἰ

461 2637 637 2724 penultima
651 2636 811 2720 positione
832 2634 1029 2722 producitur,
1044 2648 1173 2702 acutum
1188 2648 1356 2700 accentum
1370 2637 1515 2712 babebit.

460 2751 495 2803 ut
510 2739 664 2816 devexus,
678 2751 858 2820 congestus.
904 2739 940 2802 Si
956 2760 1031 2802 vero
1054 2750 1235 2802 naturamm
1256 2738 1387 2803 decreto
1407 2751 1513 2823 prote·
1637 2796 1639 2820 ,

461 2843 553 2916 letur,
569 2841 776 2903 circumflexa
793 2840 948 2925 prosodia
963 2840 1165 2916 describitur,
1179 2852 1215 2905 ut
1227 2839 1369 2917 indutus,
1383 2851 1515 2918 exutus,

461 2942 614 3018 imbutus,
629 2944 772 3016 obrutus,
787 2943 954 3024 explosus,
968 2944 1164 3026 complosus,
1178 2962 1336 3005 corrosus.

800 3042 852 3104 De
867 3041 1168 3105 Proseleusmatico.

506 3145 547 3208 D.
570 3143 760 3208 Enucleatia
774 3143 872 3224 igitur
886 3143 1119 3226 trisyllaborum
1133 3143 1252 3228 pedum
1267 3146 1398 3225 regulis,
1408 3167 1513 3229 opera
1637 3118 1638 3121 Ἴ

462 3247 598 3329 pretium
614 3267 686 3309 reor
705 3257 742 3308 ut
759 3245 983 3329 tetrasyllabos
1002 3243 1113 3327 pedes,
1128 3246 1212 3310 sicut
1225 3246 1422 3328 prafadonis
1435 3245 1514 3311 ordo

463 3345 648 3432 spopondit,
678 3345 874 3410 examussim
904 3344 1134 3426 digeras—M,
1167 3347 1366 3429 Exemplum
1394 3346 1513 3434 pedum
1637 3350 1639 3377 ι

463 3449 667 3534 sequentium
697 3447 814 3511 cursim
844 3457 877 3510 et
906 3445 1120 3528 particulatim
1149 3446 1349 3531 propalanda
1377 3469 1515 3524 censeo;

463 3549 618 3637 siquidem
650 3549 690 3613 de
720 3547 888 3632 disyllabis
916 3547 1068 3632 pedibus,
1099 3569 1233 3634 quorum
1262 3551 1430 3635 exemplar
1457 3552 1514 3614 ali·

464 3652 619 3739 quantula
654 3651 882 3733 explanatione
927 3661 1094 3732 utcunque
1132 3648 1335 3731 digessimus,
1371 3651 1516 3734 praedicti

463 3754 659 3837 tetrasyllabi
683 3750 782 3838 pedes
805 3750 966 3832 resupinis
985 3761 1017 3813 et
1035 3750 1208 3832 reciprocis
1232 3751 1419 3815 varietatum
1437 3752 1516 3815 vici·

463 3857 525 3919 bus
545 3863 788 3936 componuntur.
836 3851 987 3934 Denique
1009 3851 1081 3915 brac
1101 3864 1177 3915 sunt
1197 3852 1329 3915 uomina
1342 3851 1384 3915 ad
1403 3873 1514 3938 proce·
1637 3894 1638 3897 κ

462 3955 687 4022 leusmaticum
725 3951 927 4036 pertinentia,
958 3952 1012 4035 qui
1050 3972 1109 4034 pro
1146 3955 1307 4034 geminata
1334 3952 1515 4037 Pyrrhicbii

462 4055 680 4124 ricissitudine
707 4053 905 4135 singulariter
932 4052 1057 4136 positus
1083 4052 1284 4137 duplicatum
1309 4055 1513 4121 revolutionis

463 4161 604 4225 officium
634 4169 667 4220 et
699 4153 972 4239 recapitulationis
1009 4154 1121 4218 seriem
1159 4156 1314 4231 continet,
1343 4157 1511 4232 crocotula,
1637 4202 1638 4207 ι

465 4261 615 4336 animula,
645 4258 780 4332 miseria,
812 4255 975 4330 memoria,
1006 4255 1102 4320 ltalia
1131 4258 1277 4340 quamvis
1305 4279 1363 4342 per
1392 4259 1510 4322 ectasin

464 4361 667 4446 producatur,
690 4358 828 4442 apicula,
855 4357 1011 4432 canicula,
1038 4358 1174 4435 avicula,
1197 4357 1341 4437 fidicula,
1363 4359 1511 4432 cuticula,
1637 4366 1639 4376 ¹

465 4463 637 4536 cursicula,
654 4461 822 4535 benevola,
837 4459 1004 4536 malevola,
1021 4455 1178 4542 lapideus,
1193 4462 1360 4544 equuleus,
1375 4462 1512 4537 aculeus,
