3759 5425
633 699 789 748 aerarum
804 702 847 748 an
862 702 1039 763 ac1ncrnu,
1055 702 1126 749 arc.
1335 688 1398 749 sla

350 859 607 936 corrumpuntur,
622 851 657 916 id
672 863 720 918 est
734 863 798 918 tam
810 856 997 940 praepositio
1007 876 1105 940 quam
1114 864 1238 921 cetere
1247 856 1400 920 orationis

349 964 468 1038 partes,
482 976 556 1039 quse
571 954 852 1039 praepositionibus
864 955 928 1020 ritu
943 956 1054 1039 figurae
1071 957 1258 1041 compositae
1274 977 1401 1021 succes·

350 1055 462 1133 serint,
474 1066 512 1119 ut
525 1054 675 1139 corripio,
689 1077 834 1131 coerceo,
849 1057 984 1139 corrigo,
1000 1058 1153 1143 sinciput,
1168 1058 1308 1142 occiput.

397 1156 440 1219 D.
464 1158 519 1221 Da
539 1158 786 1241 propositiones
808 1180 880 1243 quar
901 1171 1110 1245 corrumpant
1132 1170 1263 1226 ceteras
1284 1170 1403 1245 partes,

353 1258 405 1321 vel
420 1280 492 1343 quae
507 1260 649 1343 acceptis
670 1261 802 1344 reliquia
816 1262 961 1347 partibus
976 1263 1322 1347 compactae-M.
1337 1262 1404 1339 Ex,

352 1359 407 1439 ad,
421 1361 475 1440 ob,
496 1361 541 1440 in,
556 1361 627 1439 sub,
648 1370 747 1441 trans,
768 1384 842 1442 oon,
856 1362 990 1441 circum,
1013 1374 1096 1428 ante.
1141 1365 1197 1428 Ex
1218 1362 1403 1448 praepositio

351 1461 514 1526 interdum
533 1483 558 1525 x
571 1462 695 1527 literam
709 1473 765 1528 aut
778 1463 813 1527 in
833 1464 852 1527 f
865 1474 1051 1545 commutat,
1065 1475 1102 1529 ut
1115 1465 1261 1548 effringo,
1275 1463 1404 1547 effingio,

353 1563 462 1641 effluo,
491 1562 634 1643 effundo,
663 1566 787 1645 effatur,
814 1565 963 1642 effabilis,
991 1566 1076 1629 ferus
1106 1566 1233 1642 efferus,
1255 1566 1404 1629 frenatus

354 1668 548 1745 effrenatus,
576 1665 660 1729 facio
689 1666 813 1744 efficio„
828 1667 930 1731 sactus
960 1669 1094 1732 effectus
1117 1668 1251 1731 efficax:
1282 1678 1338 1730 aut
1361 1686 1404 1730 ex

352 1769 595 1852 integramanet
603 1769 758 1833 subnexa
790 1767 1056 1853 corrumpuntur,
1065 1777 1102 1833 ut
1112 1769 1235 1833 aestimo
1246 1768 1405 1846 existimo,

354 1891 452 1955 carpo
466 1890 619 1953 excerpo,
635 1891 742 1954 quaero
756 1870 903 1954 exquiro,
918 1891 1011 1934 arceo
1023 1890 1171 1948 exerceo,
1182 1867 1263 1934 cado
1276 1866 1405 1945 excido,

354 1971 476 2036 effodio
491 1969 606 2035 effodis
620 1972 774 2035 effossus:
798 1973 864 2036 Aut
883 1971 1013 2035 omnino
1032 1971 1146 2036 eadem
1166 1971 1259 2035 litera
1274 1968 1408 2047 carebit,

355 2081 394 2136 nt
414 2071 530 2135 evenio
551 2071 669 2149 evenit,
690 2091 784 2153 egero
808 2074 922 2155 egessi,
946 2073 1091 2156 egredior
1113 2092 1270 2156 egressua
1291 2090 1407 2134 emano

355 2173 514 2251 emanavi,
548 2171 645 2237 elicio
684 2170 793 2250 elicui,
827 2172 959 2238 elimino
999 2174 1172 2252 eliminavi,
1208 2170 1293 2237 elido
1327 2170 1409 2249 elisi,

357 2295 470 2338 enarro
492 2273 645 2351 enarravi,
665 2275 800 2338 enucleo
821 2274 995 2338 enucleavi.
1039 2273 1092 2337 Ad
1114 2272 1300 2357 praepositio
1322 2290 1409 2354 aaepe

356 2374 491 2441 finalem
520 2373 690 2438 dliteram
719 2374 754 2437 in
782 2373 918 2438 eandem
947 2373 1104 2438 convertit
1130 2374 1266 2450 literam,
1295 2392 1315 2434 a
1344 2391 1410 2454 qua

357 2497 499 2562 sequens
527 2476 680 2540 orationis
701 2474 835 2540 inchoat
855 2497 940 2560 pars,
964 2485 1001 2540 ut
1028 2475 1112 2540 cedo
1134 2472 1257 2539 accedo
1286 2472 1409 2535 accessi

356 2600 425 2643 non
437 2576 575 2657 adcessi,
585 2575 808 2655 accommodo,
818 2578 941 2655 aceolo,
952 2576 1089 2659 accipio,
1100 2584 1246 2658 eccepto,
1260 2572 1409 2654 accingo,

357 2681 551 2758 accumulc;
572 2689 608 2746 nt

502 2786 675 2842 Accumulant
685 2805 794 2858 quornm
803 2787 902 2842 famam
912 2787 1055 2857 laudesque
1067 2790 1164 2858 poetar:

358 2888 487 2953 accubo
508 2885 694 2963 accubitus3
723 2893 777 2949 ut:
812 2883 896 2950 Cum
918 2893 1003 2949 esset
1022 2903 1080 2948 rex
1104 2882 1140 2946 in
1167 2881 1320 2946 aceubitu
1342 2902 1413 2959 suo,

359 2987 481 3055 nardus
505 3007 578 3050 mea
600 2985 690 3050 dedit
713 2984 845 3050 odorem
869 3007 974 3051 suum.
1019 2985 1154 3062 Cantus,
1176 2993 1311 3064 accepta
1332 3002 1414 3066 pre·

357 3088 524 3175 positione
558 3086 612 3165 ad,
639 3086 788 3171 utrinque
824 3084 1058 3169 corrumpitur3
1094 3093 1132 3148 ut
1163 3093 1326 3158 accentus,
1356 3080 1415 3164 qui

361 3193 479 3258 Graece
506 3186 659 3272 prosodia
687 3195 903 3272 nuncupetur.
949 3187 1004 3252 Sic
1033 3186 1146 3252 eadem
1173 3185 1195 3250 d
1220 3186 1313 3250 litera
1340 3185 1374 3250 in
1400 3193 1414 3248 t

360 3300 600 3370 transmutatur,
614 3300 651 3355 ut
664 3289 785 3354 Lucius
798 3290 941 3354 Annaeus
956 3291 1080 3354 Seneca
1093 3289 1128 3352 in
1143 3298 1237 3354 sexto
1251 3287 1416 3352 volumine

361 3402 544 3460 tetrametro
558 3390 840 3474 brachycatalecto
854 3389 901 3454 sio
916 3390 978 3454 ait:

784 3496 969 3565 geminumque
980 3493 1095 3567 dupllces

505 3583 595 3652 Argos
605 3579 703 3635 attollit
713 3581 814 3635 domus

363 3685 411 3750 Et
423 3683 525 3750 infra:

507 3787 597 3841 Dubia
606 3785 681 3839 labat
691 3785 799 3849 cervice,
810 3781 901 3837 famuli
913 3781 1035 3837 attollite.

365 3886 480 3966 Attuli,
494 3895 607 3961 attero,
621 3881 738 3960 attrivi,
753 3880 887 3945 attritus.
931 3879 1086 3962 Virgilius
1100 3877 1134 3940 in
1149 3875 1339 3960 Georgicis:

507 3990 584 4060 Saepe
596 3988 677 4040 etiam
687 3987 716 4039 in
727 3985 798 4038 daris
809 3983 918 4038 errando
929 3985 1030 4038 cotibus
1040 3982 1097 4036 alae

510 4075 654 4128 Attrivere.

367 4179 409 4242 In
422 4172 619 4260 pinterdum
631 4171 753 4248 transit,
763 4178 800 4233 ut
810 4188 941 4252 appono
954 4164 1100 4251 apposui,
1109 4184 1260 4250 appareo,
1269 4162 1424 4247 approbo,

367 4278 509 4363 appello,
530 4274 668 4360 applico.
714 4272 960 4356 Nonnunquam
981 4287 1054 4331 vero
1077 4266 1112 4330 in
1133 4267 1146 4330 l
1168 4273 1317 4344 mutatur,
1338 4263 1423 4328 laedo

369 4379 469 4444 allido
493 4377 588 4454 allisi,
608 4375 675 4459 ligo
700 4375 796 4456 alligo
823 4370 963 4454 alligavi,
988 4367 1093 4434 allicio
1120 4368 1236 4432 allecto
1261 4365 1423 4448 allegatio.

370 4481 515 4548 Solvitur
534 4490 566 4543 et
585 4479 620 4542 in
639 4500 665 4556 r,
680 4490 716 4542 ut
733 4475 850 4560 arripio
874 4472 1003 4558 arripui,
1024 4471 1078 4537 cui
1098 4471 1238 4556 simplex
1256 4479 1305 4535 est
1324 4469 1426 4553 rapio,
