3759 5425
442 764 484 822 86
802 775 827 820 s.
843 772 1019 820 sensatur
1037 772 1138 818 trans

442 929 620 1004 arbitratur,
628 929 759 993 bissena
768 928 986 992 construxisse
997 926 1147 992 coenobia
1158 926 1320 1001 scribitur,
1329 926 1364 988 in
1380 925 1503 1009 quihus

445 1036 598 1118 opulenta
613 1043 733 1096 sanctae
751 1031 1003 1094 conversationis
1017 1033 1109 1095 lucra
1123 1039 1156 1093 et
1175 1031 1308 1114 copiosa
1322 1030 1502 1092 animarum

445 1140 663 1203 emolumenta
698 1135 888 1199 orthodoxis
924 1134 1132 1217 dogmatibus
1168 1135 1306 1196 ubertim
1342 1132 1504 1215 adquisita

446 1240 577 1304 Christo
601 1248 813 1323 provenerunt
834 1259 906 1322 quae
929 1237 1112 1301 Dominicae
1135 1257 1253 1318 gnaros
1274 1237 1379 1301 cultor
1400 1235 1504 1296 viuere

446 1343 536 1404 velut
562 1351 812 1404 maturescentes
837 1339 1006 1422 palmitum
1028 1339 1138 1401 botros
1160 1359 1197 1401 ac
1220 1335 1416 1402 nrbicundos
1437 1355 1505 1398 sar-

447 1455 624 1505 mentorum
646 1462 791 1504 racemos
813 1441 1011 1520 Evangelica
1031 1439 1112 1502 falce
1135 1438 1305 1502 succidens
1327 1448 1361 1502 et
1380 1436 1505 1500 refertis

447 1542 578 1606 fiscellis
594 1541 782 1624 onustisque
798 1541 950 1603 corbibus
970 1540 1011 1603 ad
1033 1541 1167 1622 prelum
1189 1540 1364 1603 calcandos
1381 1549 1413 1602 et
1434 1538 1503 1602 Ec-

451 1643 561 1708 clesiae
590 1643 801 1706 torcularibus
830 1643 1016 1724 regulariter
1045 1641 1274 1726 exprimendos
1303 1639 1444 1717 advexit,
1470 1651 1508 1704 ut

450 1744 626 1806 merulenta
649 1740 787 1806 defecati
808 1742 948 1805 nectaris
978 1742 1103 1806 defruta
1125 1743 1292 1826 apothecis
1317 1743 1505 1807 coelestibus

450 1842 658 1908 recondenda
672 1855 705 1907 et
719 1842 873 1924 angelicis
896 1842 1096 1927 cauponibus
1112 1844 1342 1909 committenda
1357 1846 1507 1908 foeliciter

449 1946 591 2020 inferret,
607 1955 767 2028 quatenus
791 1965 1002 2026 supemorum
1021 1944 1171 2008 convivia
1190 1944 1415 2029 hujuscemodi
1433 1967 1506 2009 mu·

449 2047 581 2110 neribus
611 2044 651 2109 de
673 2057 798 2109 terreno
822 2045 1038 2110 nundinarum
1067 2057 1211 2110 mercatu
1232 2047 1339 2110 allatis
1367 2048 1506 2129 gratula-

449 2147 561 2211 bunda
577 2147 840 2228 glorificarentur.

495 2249 620 2312 XXXI.
654 2251 777 2332 Magna
806 2259 855 2313 est
882 2249 980 2332 igitur
1000 2253 1147 2335 puritatis
1168 2254 1384 2337 praerogativa,
1408 2273 1506 2336 quam

453 2353 508 2437 qui
534 2352 676 2416 amittere
705 2373 763 2434 per
789 2352 853 2414 vim
882 2353 1096 2435 compellitur,
1119 2355 1147 2417 si
1175 2356 1217 2419 ob
1243 2357 1306 2420 hoc
1328 2356 1506 2418 humanum

453 2475 572 2517 exosus
601 2453 793 2517 consortium
818 2454 981 2516 communi
1011 2453 1077 2517 vita
1106 2467 1220 2537 sponte
1249 2456 1395 2530 caruerit,
1418 2453 1507 2537 apud

454 2553 620 2618 CXLIIII
641 2555 731 2618 milia
752 2554 904 2636 virginale
925 2575 1054 2619 carmen
1069 2559 1217 2621 canentia
1232 2557 1265 2620 in
1283 2557 1407 2622 coelesti
1427 2577 1507 2619 con·

450 2656 602 2722 tubemio
615 2657 822 2741 gratulabitur
833 2657 1000 2739 gloriosus.
1040 2657 1136 2730 Quod
1146 2659 1308 2722 Eusebius
1319 2659 1506 2722 Graecorum

453 2758 731 2843 historiographus
745 2757 885 2839 virgines
901 2757 973 2819 Deo
992 2754 1124 2819 devotas
1146 2756 1259 2819 fecisse
1275 2765 1418 2833 testatur,
1433 2778 1509 2839 quae

454 2883 489 2925 se
511 2884 570 2943 pro
598 2860 788 2941 integritatis
810 2857 956 2941 pudicita
985 2857 1205 2921 conservanda
1232 2858 1343 2942 rapaci
1372 2858 1510 2939 gurgitis

454 2964 545 3026 alveo
562 2980 778 3045 perpraeceps
792 2961 1014 3038 inmerserunt,
1029 2958 1116 3023 unde
1138 2958 1269 3043 quidam
1286 2972 1411 3044 patrum
1433 2982 1509 3043 pro-

455 3064 525 3147 pria
542 3062 668 3143 (inquit)
685 3082 782 3124 mauu
797 3062 899 3145 perire
914 3083 981 3125 non
1001 3062 1087 3141 licet,
1103 3065 1226 3147 absque
1241 3084 1280 3127 eo
1295 3062 1361 3141 ubi,
1377 3064 1510 3127 castitas

454 3168 660 3253 periclitatur.
707 3167 735 3230 O
755 3166 935 3231 mirandum
955 3170 1125 3251 negocium
1148 3180 1180 3232 et
1203 3168 1438 3253 propemodum
1459 3170 1509 3231 in·

456 3270 645 3350 vestigabile
655 3268 817 3332 decretum
831 3268 955 3333 caeteris
969 3269 1146 3334 facinomm
1158 3270 1298 3350 flagitiis,
1308 3292 1380 3354 quae
1394 3270 1509 3333 mundi

457 3382 574 3435 statum
590 3370 765 3452 lugubriter
780 3371 983 3449 conturbant,
998 3393 1070 3435 cum
1086 3372 1247 3456 quispiam
1266 3371 1443 3454 mancipari
1457 3372 1509 3434 in-

456 3472 540 3535 vitus
563 3472 698 3553 cogitur,
720 3482 753 3534 et
781 3482 887 3554 spreto
908 3473 1064 3536 libertatis
1085 3473 1216 3535 arbitrio
1237 3484 1357 3536 reatum
1380 3473 1510 3537 sceleris

457 3584 638 3658 perpetrare
654 3573 868 3655 compellitur,
884 3573 910 3635 si
932 3573 993 3636 sub
1009 3582 1168 3657 praetextu
1185 3571 1320 3635 cavendi
1339 3593 1459 3637 noxam
1477 3582 1511 3637 et

460 3673 646 3739 declinandi
673 3674 802 3751 delicta,
826 3672 972 3757 quolibet
997 3673 1089 3736 exitii
1112 3694 1229 3753 genere
1254 3672 1319 3735 rim
1341 3673 1415 3737 vitae
1438 3696 1509 3738 cru-

460 3779 573 3843 deliter
593 3777 747 3854 intulerit,
767 3786 939 3839 extraneus
959 3774 1001 3837 ob
1022 3774 1085 3838 hoc
1109 3775 1149 3837 ab
1170 3774 1329 3839 Ecclesiae
1354 3775 1511 3841 societate

458 3880 541 3943 inter
564 3879 770 3943 biothanatos
793 3876 1000 3961 reputabitur.
1044 3876 1118 3948 Qua
1141 3876 1182 3939 de
1207 3898 1241 3940 re
1266 3877 1384 3961 conjici
1407 3877 1512 3954 datur,

460 4001 558 4063 quam
574 3978 722 4060 preciosa
737 3979 779 4042 sit
793 3977 938 4061 supernis
959 3977 1176 4061 municipibus
1196 3976 1362 4061 pudicitiae
1378 3998 1511 4059 genero-

461 4082 549 4152 sitas
565 4100 660 4164 quam
676 4100 736 4142 nec
760 4078 842 4143 illud
861 4078 989 4141 abolere
1012 4088 1045 4143 et
1066 4079 1235 4142 obliterare
1251 4078 1395 4162 quolibet
1414 4088 1512 4161 pacto

461 4194 578 4267 potest,
595 4182 680 4268 quod
703 4182 915 4266 perfectorum
939 4183 1052 4245 merita
1070 4181 1248 4260 ludificare,
1263 4190 1295 4245 et
1317 4188 1437 4245 cuncta
1450 4182 1512 4244 vir·

461 4293 564 4343 tutum
582 4301 700 4361 genera
722 4300 874 4343 evacuare
890 4280 984 4359 valet,
1001 4279 1086 4342 unde
1105 4281 1257 4345 Malchus
1277 4303 1350 4345 cum
1369 4290 1513 4365 paternae

463 4380 638 4443 severitatis
658 4381 819 4457 violentia,
834 4380 995 4463 simulque
1011 4392 1155 4444 materna
1176 4383 1340 4463 gravitate,
1363 4384 1419 4465 qui
1440 4406 1514 4447 suc·

462 4507 596 4553 cessurae
624 4486 805 4567 posteritati
842 4486 1054 4549 consulebant
1083 4484 1124 4548 ad
1162 4488 1289 4551 carnale
1319 4486 1514 4550 consortium

464 4597 638 4673 cogeretur,
660 4588 815 4651 castitatis
842 4587 976 4650 obtentu
997 4598 1029 4650 et
1047 4588 1136 4668 regni
1155 4590 1295 4653 coelastis
1314 4610 1414 4652 causa
1435 4610 1514 4652 con·
