3759 5425
451 720 511 779 120

706 733 818 780 roratis
833 735 877 780 llll
892 733 967 780 tals
981 733 1098 780 BEATAE
1114 733 1232 780 Mdlllffi

537 887 640 959 Quem
657 889 746 972 prius
762 889 804 953 ad
820 891 972 972 templum
989 890 1157 972 gestabant
1170 889 1251 952 forte
1266 881 1449 970 propinqui.

538 989 604 1054 Hic
620 991 714 1054 etiam
729 990 824 1055 binos
837 992 1004 1054 mulctavit
1017 1001 1120 1054 morte
1134 990 1303 1071 malignos,

539 1091 604 1163 Qui
618 1092 756 1176 pretium
770 1092 861 1156 fundi
877 1093 1021 1156 celarunt
1034 1091 1145 1156 fraude
1161 1089 1345 1154 nefandum.

537 1194 675 1279 Insuper
690 1205 723 1258 et
738 1197 898 1278 magicum
913 1194 985 1258 falsi
1001 1194 1192 1276 phantasma
1206 1191 1346 1257 Simonis

538 1295 699 1361 Funditus
714 1318 873 1361 evacuans
888 1305 984 1360 tetras
999 1295 1133 1358 detrusit
1145 1295 1178 1358 iu
1194 1295 1333 1366 umbras,

538 1398 723 1462 Romanum
738 1395 852 1480 vulgus
867 1401 996 1463 solvens
1007 1417 1111 1461 errore
1126 1406 1260 1460 vetusto.

538 1498 603 1572 Qui
617 1501 772 1582 praecelsa
786 1498 874 1562 rudis
884 1498 1011 1562 scandit
1026 1497 1152 1579 fastigia
1167 1497 1272 1574 turris,

538 1601 645 1683 Atque
659 1612 830 1663 coronatus
846 1599 927 1662 lauri
943 1598 983 1662 de
999 1597 1111 1662 fronde
1128 1599 1257 1676 volavit,

541 1700 606 1764 Sed
621 1722 698 1764 mox
713 1702 861 1765 aetherias
876 1701 1048 1764 demittens
1064 1700 1205 1763 fructifer
1219 1719 1312 1763 auras

541 1801 688 1866 Cernuus
703 1802 745 1866 ad
760 1811 875 1866 terram
887 1803 1057 1866 confractis
1072 1803 1201 1865 ossibus
1215 1803 1311 1865 ambo

541 1903 680 1981 Cormit,
694 1916 726 1966 et
740 1903 836 1968 Petro
851 1905 948 1966 cessit
961 1903 1095 1967 victoria
1109 1903 1197 1966 belli.

542 2004 606 2078 Qui
621 2026 715 2068 cruce
731 2006 881 2069 confixus
896 2004 1041 2086 gaudens
1057 2014 1213 2068 tormenta
1227 2006 1347 2079 luebat,

541 2105 683 2170 Horrida
697 2106 837 2170 crudelis
851 2127 1003 2191 passurus
1019 2108 1149 2170 vulnera
1164 2106 1245 2168 ferri.

543 2210 646 2281 Quem
662 2209 753 2272 Deus
767 2208 895 2272 aeternis
909 2220 1054 2272 ometum
1064 2207 1137 2292 jure
1151 2206 1330 2290 triumphis,

543 2310 668 2374 Arbiter
684 2310 885 2395 omnipotens
900 2310 943 2374 ad
958 2311 1030 2374 ercli
1045 2309 1185 2374 culmina
1199 2309 1297 2371 vexit.

948 2762 1013 2825 ΙΙΙ.

545 2912 673 2989 Saulus,
689 2912 744 2995 qui
759 2923 891 2974 sanctus
906 2911 1070 2973 mulctarit
1085 2932 1210 2976 carcere
1227 2914 1346 2989 turbas,

544 3014 703 3076 Credulus
718 3013 854 3075 efficitur
868 3024 991 3077 mutato
1008 3014 1136 3077 nomine
1151 3014 1282 3093 Paulus,

545 3115 687 3177 Plurima
703 3114 861 3194 frugiferis
877 3113 1064 3197 dispergens
1080 3117 1199 3179 semina
1217 3120 1330 3196 verbis,

545 3218 597 3279 De
614 3236 678 3299 quo
693 3235 783 3278 sacra
798 3236 890 3297 seges
905 3216 1017 3278 mundi
1032 3218 1188 3280 succrevit
1203 3218 1237 3281 in
1253 3240 1342 3283 occa.

545 3318 648 3389 Quem
667 3318 757 3379 Deus
772 3315 908 3380 infidum
925 3316 996 3379 caeli
1013 3317 1162 3380 clamavit
1176 3320 1217 3381 ab
1234 3341 1316 3397 arce,

543 3417 631 3491 Quid
646 3440 697 3482 me
713 3418 913 3502 persequeris
928 3418 1009 3482 dura
1022 3440 1096 3482 cum
1113 3420 1212 3496 calce,
1227 3420 1413 3503 refragans?

544 3520 633 3601 Ergo
649 3519 734 3583 diem
749 3540 787 3582 ac
803 3533 943 3598 noctem,
958 3522 1051 3602 ponti
1067 3522 1126 3583 sub
1144 3524 1267 3603 gurgite
1282 3545 1415 3602 mersus,

544 3625 669 3704 Magna
683 3642 890 3706 supemanrm
906 3622 1022 3684 meruit
1037 3624 1221 3704 spectacula
1236 3644 1352 3687 rerum.

545 3725 654 3788 Tertia
668 3726 819 3788 oaelorum
835 3733 945 3806 raptus
961 3722 1086 3804 fastigia
1101 3724 1239 3802 scandit,

544 3828 649 3908 Atque
665 3825 733 3908 poli
747 3845 896 3907 proceres
910 3823 991 3886 vidit
1006 3845 1077 3887 cum
1094 3836 1201 3888 mente
1212 3828 1383 3910 maniplos,

545 3928 650 3999 Quem
665 3925 861 4008 Pythonissa
873 3946 996 4009 procax
1012 3926 1162 3991 clamavit
1175 3949 1254 3991 voce
1270 3941 1427 4012 proterva.

546 4027 684 4112 Spiritus
700 4027 856 4090 abscessit
870 4026 973 4090 Paulo
988 4038 1145 4111 purgante
1161 4030 1312 4113 puellam,

545 4133 585 4194 In
601 4150 782 4212 vacuasque
797 4129 910 4210 procul
926 4128 1051 4211 fugiens
1066 4132 1197 4193 evanuit
1212 4152 1315 4209 auras,

545 4232 719 4316 prebum
735 4251 868 4314 puerum
883 4232 1068 4295 lustrantem
1085 4232 1216 4295 Tartara
1231 4234 1342 4297 mortis

545 4334 688 4397 Suscitat
701 4333 735 4395 in
749 4333 895 4415 proprias
910 4332 1018 4396 anima
1032 4344 1218 4417 penetrante
1234 4332 1401 4399 medullas.

543 4436 662 4498 Nonne
677 4454 806 4497 manum
824 4436 933 4498 merito
950 4436 1085 4516 geminis
1100 4436 1258 4500 fraudavit
1272 4437 1387 4500 ocellis

547 4534 699 4601 Cerneret
712 4546 748 4597 ut
763 4556 927 4615 nunquam
944 4534 1164 4617 splendentem
1179 4537 1299 4599 lumine
1315 4538 1499 4603 Phoebum?
