3759 5425
429 703 492 761 208

685 714 727 759 ns
743 710 827 758 00Το
843 711 1096 758 Puluctssunus
1111 711 1224 756 vt'rus.

514 868 599 931 Mox
613 887 724 930 eversa
737 879 835 930 ruunt
847 866 938 929 urbis
953 865 1081 948 fastigia
1094 863 1213 938 fractas,

515 968 598 1040 Qum
611 965 733 1030 dudum
749 975 902 1030 steterant
915 965 1056 1048 septenis
1071 963 1199 1028 arcibus
1213 960 1338 1042 amplae.

514 1068 622 1131 Aurea
635 1067 682 1131 sic
698 1066 837 1150 cupidus
851 1066 1019 1130 cumulans
1033 1062 1213 1148 crepundia
1225 1070 1361 1145 questu,

515 1169 622 1232 Farcit
636 1189 734 1250 egens
743 1167 863 1252 jugiter
878 1164 965 1230 fulvo
980 1165 1172 1229 numismate
1186 1181 1327 1226 saccum.

515 1268 561 1332 Et
575 1279 682 1333 tamen
697 1269 822 1352 expleri
836 1269 941 1332 rabies
956 1269 1103 1330 ambusta
1115 1275 1261 1347 negatur.

517 1369 676 1433 Caularis
691 1371 822 1434 accensi
836 1369 997 1452 crepitant
1010 1368 1163 1432 incendis
1182 1365 1319 1430 flammis

518 1473 677 1554 Amplius,
692 1483 725 1536 et
739 1481 859 1556 quanto
873 1471 992 1534 luerint
1006 1480 1177 1552 augmenta
1190 1487 1348 1550 rogorum,

516 1572 623 1635 Tanto
639 1574 710 1656 plus
725 1572 840 1635 sitiunt
852 1582 889 1635 ut
903 1571 996 1635 torris
1011 1571 1120 1634 fomite
1135 1571 1281 1651 flagrent,

518 1672 571 1736 Sic
586 1672 682 1754 igitur
697 1671 838 1754 cupidus
853 1692 913 1734 nec
928 1691 996 1734 non
1011 1669 1165 1748 infernus,
1181 1678 1214 1732 et
1228 1667 1312 1749 ignis

518 1773 663 1837 Conferri
677 1782 813 1856 possunt
825 1783 918 1836 temo
933 1771 1156 1856 paradigmate
1171 1789 1286 1833 rerum.

561 1875 621 1936 Ast
634 1893 709 1937 vero
725 1882 870 1957 quartam
885 1884 962 1937 trux
977 1881 1153 1953 congregat
1166 1871 1214 1934 ira
1227 1881 1398 1943 catervam,

518 1974 598 2046 Quae
614 1994 741 2057 semper
753 1972 926 2037 furibunda
940 1974 1032 2056 cupit
1046 1971 1231 2035 discrimina
1244 1969 1340 2032 belli:

518 2074 564 2136 Et
578 2074 642 2136 ciet
656 2074 699 2138 ad
713 2095 857 2157 pugnam
871 2085 996 2138 mentes
1011 2071 1174 2136 discordia
1188 2070 1331 2148 fratrum,

519 2175 606 2237 Dum
622 2175 774 2256 copulata
788 2174 853 2257 pioe
868 2171 1038 2257 disrumpit
1051 2171 1172 2236 foedera
1185 2173 1286 2255 pacis.

519 2276 575 2338 Ex
589 2275 651 2337 bac
666 2286 844 2338 nascuntur
858 2275 965 2338 credes
981 2295 1054 2338 cum
1070 2286 1176 2355 strage
1192 2270 1338 2336 nesandae

522 2376 569 2439 Et
583 2376 703 2439 clamor
716 2376 816 2455 vocis,
830 2375 927 2440 simul
939 2374 1120 2457 indignatio
1134 2373 1294 2438 frendens.

521 2476 586 2541 Sed
601 2477 766 2542 moderata
781 2488 870 2560 gerat
883 2486 1002 2541 cetram
1018 2477 1174 2561 patientia
1189 2486 1311 2553 contra,

520 2579 627 2662 Atque
641 2584 839 2640 cruentatum
856 2575 937 2640 ferro
953 2575 1090 2639 fructura
1104 2577 1279 2655 cerebrum,

521 2678 583 2740 Irae
597 2675 787 2741 bacchantis
801 2675 965 2761 strepitum
981 2675 1159 2760 compescit
1172 2677 1337 2756 inormem,

522 2777 661 2841 Vincere
675 2798 717 2839 ne
731 2778 836 2840 valcat
850 2778 1013 2840 Furiarum
1028 2777 1171 2841 maxima
1185 2788 1319 2853 mentes,

522 2879 675 2954 Quamvis
690 2880 862 2962 Gorgoneo
877 2879 992 2943 stridat
1005 2881 1166 2944 maculata
1181 2901 1303 2959 cruore,

522 2983 628 3064 Atque
644 2979 809 3043 venenatis
822 2978 1001 3042 mordendo
1017 2978 1124 3043 sibilet
1137 2980 1258 3063 hydris.

523 3085 611 3147 Dum
626 3091 725 3164 caput
738 3102 782 3144 ex
796 3081 904 3144 Erebo
919 3081 1075 3163 nigrantis
1090 3080 1159 3145 filia
1172 3083 1278 3147 noctis

522 3183 632 3260 Tollit,
647 3191 680 3245 et
692 3182 726 3244 in
741 3180 896 3244 mundum
912 3180 1034 3263 Stygiis
1045 3202 1169 3245 emersa
1182 3182 1324 3261 latebris,

522 3282 666 3348 Suscitet
679 3282 805 3345 Allecto
820 3301 942 3345 scaevas
956 3280 998 3343 ad
1014 3281 1168 3345 scaudala
1181 3294 1313 3347 mentes.

524 3384 606 3447 Haec
623 3383 705 3445 solet
718 3380 761 3444 ad
775 3381 895 3445 bellum
910 3382 1041 3445 ferratos
1055 3379 1172 3445 ducere
1186 3395 1310 3459 contos,

525 3482 667 3548 Horrida
680 3481 819 3545 facturos
833 3482 1001 3545 animabus
1016 3484 1149 3547 vulnera
1163 3485 1292 3547 sanctis.

523 3586 657 3649 Nostrae
671 3583 707 3645 ni
723 3582 882 3646 Dominus
896 3592 1019 3646 mentes
1035 3581 1187 3647 defendat
1200 3586 1346 3649 inermes.

567 3684 718 3749 Tristitia
733 3682 846 3766 quinto
860 3683 1037 3766 grassantia
1050 3683 1135 3747 bella
1150 3684 1289 3748 tumultu

524 3786 686 3850 Virtutum
700 3804 809 3846 muros
823 3792 855 3846 et
869 3785 1109 3867 propugnacula
1123 3784 1283 3867 frangunt,

524 3888 726 3967 Tironesque
741 3883 805 3946 Dei
819 3895 939 3946 vexant
953 3882 1138 3949 crudelibus
1152 3885 1256 3949 armis.

525 3990 694 4071 Quamque
709 3983 923 4069 pusillanimis
937 3994 1013 4049 trux
1029 3984 1210 4068 desperatio
1225 3988 1341 4049 mentis

528 4088 693 4173 Opprimit
705 4088 868 4151 incautam
883 4087 1018 4150 obtentu
1028 4089 1169 4151 rancoris
1184 4090 1300 4153 amari:

528 4192 669 4257 Bellator
683 4189 805 4255 Christi
819 4188 875 4253 sed
889 4209 968 4252 mox
983 4191 1122 4254 umbone
1138 4192 1286 4271 retundit,

526 4293 630 4355 Gesta
643 4288 778 4353 tristitie
793 4298 825 4351 et
838 4287 957 4370 pariter
972 4309 1073 4370 genus
1088 4310 1181 4353 omne
1195 4310 1395 4369 mucronum,

527 4397 609 4466 Quas
624 4402 763 4456 mentem
778 4391 939 4454 stimulare
955 4392 1070 4469 solent,
1084 4414 1125 4456 ne
1139 4393 1220 4457 forts
1235 4394 1369 4458 fatiscat.

527 4495 626 4561 Hunc
641 4493 785 4556 morbum
802 4493 913 4573 aegroti
927 4492 1128 4557 medicantur
1143 4493 1260 4575 gaudia
1274 4496 1382 4559 cordis
