3759 5425
680 719 725 764 DE
739 718 905 764 Ltuuluus
920 715 1101 762 vlneruurt.

458 875 546 946 Quot
561 882 598 935 tu
612 893 780 956 poeuarum
796 891 912 953 genera
927 868 1100 933 crudeliter
1113 869 1224 948 infers,

456 976 516 1037 Ast
530 994 592 1055 ego
605 974 694 1036 lauta
708 972 807 1036 feram
822 972 906 1035 victo
922 979 1039 1034 tortore
1055 969 1210 1052 trophea,

456 1075 545 1146 Quot
560 1086 596 1138 tu
611 1075 792 1139 concinnas
805 1071 897 1136 crudi
915 1071 1102 1136 discrimina
1115 1069 1195 1134 lethi

457 1175 522 1240 Tot
536 1198 597 1240 uos
611 1176 646 1238 in
662 1195 777 1257 supera
790 1174 1028 1237 numerabimus
1043 1193 1117 1236 arce
1133 1192 1278 1236 coronas.

456 1278 549 1341 Tunc
566 1278 680 1342 iterum
696 1295 807 1338 carcer
820 1276 974 1339 lantemae
988 1273 1120 1337 luminis
1136 1293 1265 1355 expers,

455 1378 610 1441 Passurus
625 1374 747 1439 claudit
763 1374 885 1438 famoso
900 1385 1038 1437 stercore
1052 1393 1202 1456 poeuam:

457 1478 524 1542 Sed
540 1478 695 1562 splendor
708 1477 791 1540 locis
805 1473 959 1538 radiantis
973 1477 1015 1538 ab
1032 1495 1093 1539 axe
1108 1476 1258 1558 polorum

457 1579 577 1643 Furvas
591 1577 752 1658 extinguit
764 1576 916 1640 latebrosi
931 1576 1065 1640 carceris
1080 1577 1221 1652 umbras,

459 1681 504 1742 Et
517 1681 613 1742 soetor
626 1678 707 1754 fimi,
722 1687 759 1740 ut
772 1676 875 1741 thuris
890 1677 1046 1759 fragantia
1060 1677 1171 1761 spirat.

454 1781 604 1844 Posthac
620 1780 654 1842 iu
670 1779 809 1842 thermas
825 1779 974 1842 ambusto
990 1787 1071 1842 torre
1087 1779 1231 1844 calentes

459 1885 582 1946 Ambae
596 1882 771 1946 trudebant
785 1881 896 1945 divino
911 1881 1042 1945 numine
1057 1881 1164 1946 fretas.

458 1983 522 2048 Sed
539 1984 694 2047 tamenin
709 1983 840 2046 thermis
855 1983 1050 2065 crepitantes
1064 1983 1174 2048 fomite
1190 1985 1346 2050 flammas.

456 2085 607 2151 Protinus
621 2086 765 2150 extinxit
779 2085 904 2149 coelesti
918 2104 988 2147 rore
1005 2094 1159 2168 potestas,

455 2190 551 2251 Artas
566 2187 726 2268 virgineos
740 2187 787 2250 sic
803 2185 887 2250 texit
901 2207 1012 2270 parma
1026 2187 1171 2270 pudoris,

457 2290 504 2352 Ut
517 2289 600 2353 nihil
613 2289 762 2352 innocuis
776 2289 856 2352 laeaa
869 2296 955 2352 esset
969 2309 1043 2352 caro
1058 2289 1187 2368 favillis,

457 2388 522 2453 Sed
536 2392 602 2469 fax,
617 2401 650 2455 et
663 2390 775 2468 fomes,
790 2401 822 2453 et
837 2389 969 2472 dempto
985 2410 1087 2472 pruna
1102 2391 1219 2472 vigore,

460 2493 687 2577 Nequidquam
703 2492 850 2556 ardentes
864 2491 971 2576 sopito
986 2508 1068 2556 torre
1084 2495 1247 2575 tepebant.

459 2593 544 2656 Tum
559 2594 696 2658 famulas
711 2603 811 2657 tortor
824 2603 967 2657 sacratas
981 2594 1116 2677 imperat
1130 2603 1222 2657 atrox

459 2695 606 2760 Pondere
621 2717 696 2760 cum
711 2695 838 2778 scopuli
852 2696 972 2758 collum
989 2695 1204 2778 constringere
1219 2718 1319 2774 nexu,

457 2799 577 2860 Alreus
591 2807 629 2861 ut
641 2798 770 2861 Tiberis
784 2796 946 2861 mersisset
960 2797 1085 2877 gurgite
1100 2799 1228 2879 glauco,

456 2898 548 2969 Quas
562 2898 651 2981 prius
666 2897 775 2961 exusti
789 2918 855 2960 uon
870 2896 992 2961 audent
1006 2918 1098 2961 urere
1113 2908 1231 2963 torres:

462 2998 528 3061 Sed
543 2999 680 3061 famulas
695 2996 818 3061 Christi
833 2998 1006 3061 vectabant
1020 3001 1138 3063 catula
1153 3001 1264 3080 fluctu,

461 3097 589 3180 Frigida
602 3120 677 3161 oum
692 3097 800 3161 vitreis
815 3108 1008 3181 stupuerunt
1022 3100 1155 3164 flumina
1168 3102 1297 3180 flustris,

459 3198 510 3261 Ad
526 3199 615 3283 ripas
629 3219 774 3263 remeans
789 3220 898 3263 rursus
913 3220 986 3263 cum
1002 3201 1124 3284 sospite
1138 3203 1214 3281 rita,

464 3298 591 3381 Corpus
605 3298 784 3379 virgineum
799 3308 890 3363 natat
902 3320 963 3363 ceu
980 3301 1077 3382 plana
1092 3302 1210 3367 carina.

460 3398 554 3463 Tunc
564 3397 661 3481 jussu
674 3397 770 3479 rigidi
786 3400 968 3463 tusculento
985 3401 1141 3485 principis
1156 3425 1249 3487 aeque

461 3498 625 3581 Sanguine
639 3520 800 3583 purpureo
815 3513 995 3565 sanctarum
1012 3504 1153 3567 membra
1168 3506 1352 3582 rubescunt,

459 3602 573 3664 Ambae
588 3601 729 3685 martyrii
744 3612 922 3665 mercantes
936 3612 1023 3666 sorta
1037 3604 1161 3667 cruenti
1175 3627 1184 3681 3

463 3701 534 3764 Nec
551 3722 618 3767 nou
632 3702 793 3783 virgineos
808 3713 1017 3786 sumpserunt
1025 3702 1099 3786 jure
1115 3706 1308 3788 triumphos,

463 3803 553 3867 Rura
566 3804 783 3886 relinquentes
797 3805 952 3867 coelorum
966 3826 1066 3886 regna
1080 3819 1263 3889 capessunt,

458 3904 612 3976 Quamvis
626 3926 701 3969 ossa
715 3916 803 3987 tegat
818 3905 923 3980 tellus,
938 3915 972 3967 et
987 3906 1099 3969 tumba
1114 3908 1276 3990 sepulchri

461 4008 556 4069 Artus
570 4006 718 4071 includat
732 4027 791 4089 pro
806 4004 935 4069 Christo
951 4006 1063 4081 lunera
1079 4029 1203 4090 passos,
1319 4072 1321 4075 ,

462 4106 576 4170 Donec
594 4108 771 4172 scintillans
787 4121 902 4171 exurat
915 4110 1036 4172 saecula
1051 4111 1158 4173 carbo.

461 4210 611 4273 Attamen
627 4208 670 4272 ad
685 4210 759 4273 coeli
775 4209 937 4273 scandunt
953 4208 1113 4293 spiracula
1127 4212 1234 4292 sedes,

465 4312 594 4394 Absque
611 4311 694 4375 chao
710 4310 821 4373 densis
835 4310 995 4391 gestantia
1009 4310 1140 4375 labbara
1155 4315 1277 4379 turmis.

464 4411 603 4483 Quando
619 4413 804 4475 catervatim
820 4411 939 4474 vallant
953 4411 1082 4475 coeleste
1098 4413 1247 4479 tribunal.

502 4512 665 4596 Tempore
678 4534 745 4595 quo
762 4512 882 4576 Decius
897 4512 1094 4595 triquadrum
1109 4528 1236 4581 rexerat
1250 4520 1371 4595 orbem,
