3759 5425
633 653 675 696 ns
691 653 855 698 nsuotaus
869 653 1106 698 rruorurrarrs.
1360 641 1400 696 53

346 803 523 883 fasciculis,
545 814 612 867 tum
635 805 713 868 fusis
733 805 776 868 ad
793 806 904 888 polum
927 808 1077 888 precihus
1101 806 1163 868 Dei
1187 807 1399 888 patrocinium

346 901 485 967 fideliter
498 904 661 990 implorat,
670 918 703 968 et
717 905 804 968 dicto
821 907 916 969 citius
931 928 989 989 pro
1005 907 1127 969 foribus
1137 907 1285 970 vestibuli
1297 919 1400 972 tantas

345 1005 529 1070 delitiarum
568 1007 751 1070 affluentias
785 1007 903 1088 gerulis
934 1027 1016 1088 quos
1053 1027 1217 1088 uunquam
1248 1017 1402 1070 norerant

346 1109 550 1188 gestantibus
579 1110 675 1172 solita
702 1110 823 1191 pietate
853 1109 1003 1172 Christus
1039 1109 1196 1171 famelicis
1232 1109 1298 1171 suis
1335 1119 1400 1172 tam

347 1209 486 1271 ubertim
495 1209 643 1286 contulit,
657 1224 804 1292 utusque
815 1207 855 1272 ad
866 1221 1089 1293 pentecosten,
1105 1210 1159 1293 qui
1173 1209 1400 1292 septenisheb-

346 1307 557 1373 domadarum
583 1311 750 1374 curriculis
774 1312 953 1374 calculatur
976 1311 1061 1374 sicut
1083 1311 1233 1374 Jubileus
1259 1310 1401 1393 septenis

346 1433 504 1475 annorum
528 1414 692 1476 laterculis
715 1421 917 1495 supputatur,
938 1413 1094 1475 diuinitus
1116 1413 1212 1476 allata
1234 1413 1399 1495 epularum

346 1514 431 1597 stipe
446 1514 591 1598 quotidie
615 1515 734 1579 affatim
756 1525 972 1597 pascerentur.
1018 1514 1116 1586 Quod
1137 1526 1242 1578 autern
1258 1514 1401 1576 coelestis

347 1616 577 1680 munificentiae
589 1617 783 1701 stipendium
799 1617 918 1699 potius,
930 1637 1027 1698 quam
1042 1616 1192 1678 humanm
1201 1616 1400 1678 liberalitatis

348 1717 481 1780 xenium
499 1718 605 1796 fuerit,
624 1739 667 1782 ex
688 1718 751 1781 hoc
775 1717 960 1780 certissimis
979 1716 1207 1799 experimentis
1228 1715 1400 1797 colligitur,

347 1818 436 1901 quod
465 1819 663 1882 fructuosum
693 1819 829 1899 eulogiae
859 1819 1083 1881 munusculum
1120 1817 1240 1896 ignotis
1269 1817 1398 1878 allatum

347 1920 507 2003 parasitis,
548 1920 708 2002 Tempore
750 1929 958 2002 praepostero,
996 1917 1029 1980 id
1071 1927 1131 1995 est,
1168 1917 1297 1992 vernali,
1334 1938 1399 1980 non

346 2023 536 2100 autumnali,
555 2023 708 2086 divinitus
728 2022 984 2105 impendebatur,
1004 2021 1064 2085 hoc
1087 2033 1146 2098 est,
1168 2021 1251 2083 mala
1272 2020 1399 2102 punica,

346 2148 420 2209 quae
442 2135 477 2188 et
496 2127 582 2188 mala
603 2133 735 2206 granata
754 2134 992 2207 nuncupantur,
1009 2144 1080 2185 cum
1102 2123 1232 2204 palmeti
1253 2122 1401 2205 dactylis,

345 2248 431 2310 quos
450 2227 595 2290 nicolaos
618 2239 745 2303 vocant,
766 2227 866 2300 savos,
889 2247 976 2301 uras,
993 2239 1024 2288 et
1044 2226 1176 2308 palatae,
1192 2223 1224 2286 id
1249 2233 1307 2300 cst,
1322 2223 1401 2286 cari-

344 2351 456 2392 carum
470 2350 603 2406 massas‚
613 2350 688 2391 cum
702 2329 884 2390 noverimus
894 2327 1057 2390 vinearum
1073 2337 1175 2400 antes,
1186 2335 1219 2386 ct
1232 2325 1400 2407 palmitum

343 2431 543 2513 propagines
572 2451 646 2491 vere
676 2428 806 2512 quidem
837 2428 1038 2491 frondescere
1075 2437 1106 2489 et
1136 2429 1312 2501 florescere,
1343 2426 1400 2488 sed

345 2544 502 2595 autumno
536 2530 673 2593 racemis
709 2528 919 2608 turgentibus,
950 2539 982 2589 et
1018 2527 1119 2589 botris
1156 2528 1401 2588 fervescentibus

346 2634 515 2695 mitescere
537 2653 575 2694 ac
598 2641 830 2693 maturescere:
865 2627 1000 2707 contigit
1022 2625 1196 2709 aliquando
1220 2625 1294 2687 dum
1317 2627 1401 2688 cala-

347 2736 462 2799 mitosa
488 2734 590 2795 fames
618 2730 800 2793 attrocitate
826 2729 860 2791 in
887 2726 1104 2810 promiscuum
1132 2724 1262 2807 AEgypti
1285 2725 1401 2805 vulgus

346 2839 520 2904 crudeliter
549 2846 756 2917 grassaretur,
781 2835 886 2916 plures
918 2832 960 2896 ad
991 2852 1064 2894 eum
1095 2830 1278 2893 catervatim
1309 2832 1401 2915 stipis

254 2947 258 2952 ’
346 2942 447 3025 gratia
475 2938 687 3003 confluxisse.
745 2938 804 2997 Ast
832 2935 885 2996 ille
915 2947 979 2995 tres
1009 2932 1167 3015 sportulas
1193 2932 1340 2995 crustulis
1370 2944 1402 2996 et

346 3046 483 3109 tortellis
515 3044 658 3117 refertas,
689 3040 785 3102 unius
814 3036 876 3100 diei
907 3048 1029 3099 tautum
1059 3034 1224 3098 intervallo
1253 3035 1401 3099 fratribus

347 3148 452 3211 rictus
478 3142 667 3207 alimoniam
690 3139 888 3223 praebituras,
909 3138 1004 3199 fertili
1026 3136 1253 3199 benedictione
1280 3139 1401 3201 lincun-

347 3242 428 3307 dans
437 3239 596 3305 famelicis
606 3238 693 3318 vulgi
703 3236 825 3311 turmis,
834 3235 993 3311 exhibuit,
1005 3255 1078 3317 qum
1088 3243 1226 3317 quatuor
1238 3237 1401 3299 mensibus

347 3365 421 3407 cum
436 3341 533 3425 panis
544 3339 640 3421 copia
655 3338 759 3420 plebis
768 3335 909 3418 inopiam
919 3335 1135 3398 refocillantes
1148 3335 1188 3397 ab
1203 3334 1401 3399 imminentis

348 3444 439 3507 famis
452 3440 563 3505 inedia
577 3451 610 3502 et
630 3438 815 3501 discrimine
837 3436 1034 3511 defendunt3
1067 3435 1130 3497 hoe
1147 3432 1232 3495 idern
1249 3433 1288 3495 do
1311 3436 1401 3497 farris

347 3545 453 3609 simila
469 3554 502 3605 et
523 3541 657 3625 polline,
679 3538 837 3619 simulque
858 3556 967 3599 crassa
990 3536 1053 3597 olei
1073 3532 1269 3617 pinguedine
1289 3534 1401 3597 fecisse

347 3656 549 3710 memoratur.
592 3642 632 3703 Iu
648 3636 747 3720 priori
763 3633 892 3717 quidem
907 3633 1062 3695 miraculo
1077 3630 1201 3704 corbes,
1217 3640 1249 3690 et
1264 3629 1403 3693 fiscellos

347 3750 489 3813 imitatam
515 3742 745 3823 Evangelicos.
804 3739 841 3799 ln
880 3734 1023 3799 secundo
1057 3730 1236 3795 lechithum
1266 3733 1341 3811 olei,
1370 3747 1402 3798 et

347 3849 506 3933 pugillum
521 3846 634 3907 farinae
649 3843 689 3905 ab
702 3840 799 3902 Heba
813 3837 977 3920 Propheta
992 3829 1151 3897 foecundae
1167 3830 1402 3897 benedictionis

348 3952 491 4013 ubertate
507 3946 641 4009 refertos
657 3941 843 4024 aequiparat.

388 4052 461 4113 XL.
484 4042 639 4128 Expletis
668 4042 766 4123 igitur
794 4040 871 4101 licet
901 4035 1083 4099 summatim
1110 4033 1278 4095 masculini
1304 4056 1402 4099 sexus

348 4151 515 4236 exemplis,
539 4147 596 4230 qui
620 4163 828 4227 nequaqnam
856 4136 1047 4203 nutabundo
1073 4134 1263 4217 integritatis
1290 4136 1402 4201 sunda·

348 4264 454 4316 mento
480 4260 578 4313 castae
605 4242 855 4310 conversationis
885 4249 1076 4303 structuram
1106 4236 1338 4313 sustentabant,
1361 4238 1402 4301 ad

347 4352 483 4436 inclytas
505 4349 621 4413 itidem
651 4342 785 4409 secundi
814 4361 912 4404 sexus
936 4358 1099 4422 personas,
1126 4358 1197 4421 queo
1222 4336 1255 4398 in
1282 4350 1401 4403 sanotae

350 4452 550 4536 Virginitatis
565 4445 804 4533 perseverantia
827 4440 1001 4505 inflexibili
1022 4437 1137 4501 ruentis
1159 4438 1262 4519 rigore
1285 4462 1400 4523 usque·
