3759 5425
522 689 743 738 erunuvvauur
761 693 915 740 nrrsrom
930 691 975 738 an
990 689 1217 740 monacnum
1364 677 1423 738 101

373 837 494 906 deratae
509 842 661 908 lectionis
671 844 894 926 instrumento,
909 867 976 931 quo
989 845 1194 930 potissimum
1209 867 1289 910 meae
1303 845 1425 908 medio·

372 942 498 1007 critatis
532 943 724 1010 industriam
761 948 838 1012 satis
866 949 1044 1012 inhiantem
1080 958 1262 1031 agnoverat,
1289 947 1425 1011 libenter

373 1044 543 1112 edocendo
571 1049 724 1113 imbuere.
775 1051 986 1136 Quapropter,
1015 1052 1060 1114 mi
1090 1049 1306 1116 amantissime
1334 1067 1424 1132 purae

373 1145 585 1212 institutionis
599 1160 786 1235 praeceptor,
799 1164 956 1236 quatenus
966 1155 1085 1218 affectu
1094 1159 1311 1237 consequente
1324 1149 1424 1213 fidem

375 1248 543 1312 verborum
557 1249 644 1314 haud
666 1248 837 1316 difficulter
858 1250 1025 1329 adhibeas,
1039 1249 1297 1335 operaepretium
1311 1267 1423 1311 sense·

376 1368 466 1411 mus:
491 1351 609 1414 talibus
620 1371 718 1414 saeue
727 1351 900 1436 Scripturas
912 1352 1052 1416 oraculis
1062 1350 1293 1414 instimulatus:
1313 1345 1421 1426 [Prov.

377 1448 420 1512 vi.
439 1447 481 1529 1.]
500 1450 563 1512 Fili
577 1451 667 1528 mi‚si
679 1452 907 1536 sposponderis
921 1473 979 1537 pro
991 1451 1096 1516 amico
1107 1461 1174 1530 tuo,
1182 1449 1324 1514 defixisti
1334 1447 1423 1533 apud

375 1563 565 1615 extraneum
579 1574 710 1617 manum
725 1563 823 1632 tuem,
836 1555 1031 1640 illaqueatus
1045 1575 1080 1618 es
1093 1553 1199 1618 verbis
1212 1552 1277 1616 oris
1291 1549 1347 1614 tui.
1378 1549 1425 1611 Et

369 1651 440 1737 jam
461 1651 545 1732 dico,
560 1653 587 1717 si
608 1653 707 1717 nullis
728 1665 760 1719 te
775 1657 954 1739 capacibus
975 1657 1110 1741 prolatae
1131 1653 1352 1739 promissionis
1372 1673 1422 1715 re·

373 1751 524 1816 tinaculis
538 1754 728 1838 perplexum
738 1753 982 1840 involutumque
996 1755 1220 1833 reminisceris,
1230 1764 1422 1818 tamencum

375 1862 494 1914 memet
517 1853 558 1916 ab
587 1854 668 1936 ipsis
696 1854 874 1919 tenerrimae
903 1855 1073 1919 cunabulis
1100 1855 1245 1918 infantie
1274 1852 1423 1930 fovendo,

375 1954 526 2033 amando,
537 1953 799 2039 pedetentimque
814 1956 1055 2022 delicatioribus
1073 1957 1211 2021 solertias
1226 1957 1308 2021 cibis
1321 1975 1423 2019 recre-

372 2054 473 2133 ando,
488 2055 530 2118 ad
545 2067 689 2137 vegetam
704 2079 805 2142 usque
818 2060 1022 2142 pubertatem
1036 2059 1224 2143 provexisti,
1235 2057 1367 2140 dignum
1381 2058 1423 2120 ab

376 2157 528 2221 omnibus
549 2179 635 2224 sanae
657 2161 877 2244 intelligentiae
897 2183 969 2227 esse
979 2162 1156 2246 judicatur,
1171 2173 1328 2246 quatenns
1343 2181 1423 2224 con-

376 2257 443 2322 foto
466 2257 535 2342 jam
560 2261 681 2342 pabulo
710 2262 875 2326 tenerioris
897 2262 1034 2345 ingenii,
1057 2263 1115 2327 des
1139 2262 1231 2325 cibos
1256 2260 1423 2325 solidiores

375 2381 507 2444 queque
528 2361 744 2442 profundioris
765 2364 898 2448 sophiae.
942 2365 1068 2428 Tamen
1091 2364 1119 2427 si
1147 2364 1327 2426 humillima
1347 2363 1422 2426 sub-

371 2462 470 2546 jecte
507 2462 686 2528 devotionis
722 2465 875 2530 instantia
903 2468 1085 2550 importune
1121 2465 1272 2528 insistens
1300 2463 1425 2547 expetit

375 2565 496 2628 affatim
518 2565 634 2628 alendo
657 2566 779 2648 epulas,
800 2567 988 2651 impendere
1015 2588 1082 2630 non
1105 2566 1264 2647 deneges:
1294 2584 1422 2645 meque,

374 2664 450 2729 licet
464 2665 586 2729 nullius
600 2667 755 2731 momenti
766 2666 881 2745 ducas3
895 2680 1006 2733 vestrae
1019 2667 1223 2733 sublimitatis
1237 2665 1420 2749 adoptivam

372 2768 495 2852 prolem
505 2788 548 2831 ex
563 2768 652 2831 omni
661 2779 803 2852 paternae
818 2768 997 2853 prudentie
1008 2760 1210 2832 diviti‘censu
1221 2768 1423 2851 aliquatenus

376 2867 419 2931 ad
433 2877 561 2951 tempus
576 2867 676 2933 ditare
691 2891 759 2933 non
773 2890 912 2948 recuses,
927 2890 968 2934 ne
990 2869 1119 2955 quando
1141 2869 1237 2932 invisi
1252 2867 1421 2931 audacium

376 2971 565 3034 emulorum
580 2972 673 3034 cunei
689 2972 843 3056 crispanti
858 2982 976 3057 optatae
991 2971 1248 3056 improbrationis
1263 2971 1424 3035 cachinno

374 3071 587 3157 tripudiantes
608 3075 876 3156 congratulentur,
898 3074 925 3137 si
950 3076 1093 3137 sobolem
1119 3072 1264 3157 opulenti
1283 3084 1424 3157 peteme

376 3173 595 3258 philosophiae
611 3175 922 3240 censuexhaeredem
936 3176 1143 3261 penuriaque
1152 3172 1258 3239 feralis
1268 3174 1424 3258 insipien-

378 3275 430 3339 tiae
445 3274 665 3359 experientem
689 3276 898 3359 comperiunt.
944 3276 991 3340 Et
1003 3299 1070 3341 non
1084 3278 1259 3359 incongrue
1274 3276 1355 3339 mibi
1368 3278 1424 3340 ille

377 3374 537 3452 naboan,
561 3396 716 3457 generosa
740 3373 782 3439 de
806 3375 906 3460 stirpe
931 3377 1136 3441 famosissimi
1161 3387 1227 3440 tam
1250 3376 1424 3443 laudabilis

377 3472 542 3557 sapientiae
557 3473 728 3537 excellenti
748 3473 945 3553 enormitate,
961 3495 1058 3559 quam
1072 3473 1168 3538 etiam
1189 3472 1306 3555 opimis
1319 3494 1424 3538 rerum

377 3574 584 3639 facultatibus
611 3574 711 3656 Regis
739 3574 932 3653 Salomonis,
952 3574 1076 3637 infelici
1103 3574 1193 3637 fissus
1214 3582 1296 3650 ortu,
1318 3577 1423 3640 omnis

376 3694 460 3761 pene
474 3684 614 3758 paternae
628 3673 790 3740 felicitatis
805 3694 931 3759 expers,
945 3674 1123 3754 lugubriter
1141 3674 1300 3757 coequari
1316 3689 1422 3758 queat.

378 3773 539 3858 Denique,
548 3772 618 3857 jam
639 3793 725 3836 nuuc
740 3774 928 3857 impleturus
950 3782 1025 3837 vota
1037 3771 1194 3856 persolve,
1209 3782 1241 3837 et
1257 3775 1422 3860 inceptum

376 3878 474 3959 lsrgae
495 3874 704 3939 institutionis
725 3874 920 3940 beneficium
942 3876 1089 3939 concitus
1110 3877 1249 3960 comple,
1263 3878 1371 3943 sciens
1393 3894 1423 3947 te

376 3978 573 4043 hauddubie
589 3978 740 4063 majorem
755 3979 832 4043 inde
841 3990 1004 4063 perpetuae
1018 3979 1281 4044 remunerationis
1290 3984 1423 4065 gloriam

378 4081 578 4165 adepturum,
607 4080 750 4144 Domino
779 4079 1008 4165 adstipulante,
1036 4082 1114 4166 quia
1145 4079 1255 4160 [Matt.
1284 4085 1335 4165 x]
1367 4090 1424 4172 qui

377 4182 624 4267 perseveraverit
632 4200 733 4267 usque
749 4184 783 4247 in
799 4182 907 4261 finem,
918 4184 973 4248 hic
985 4185 1091 4248 salvus
1100 4183 1169 4248 erit.
1215 4184 1303 4249 Huic
1318 4200 1423 4254 autem

377 4296 494 4350 nesure
508 4284 673 4369 parvitatis
697 4284 843 4367 epistolae
858 4286 940 4349 tn'na
963 4286 1082 4349 cantati
1105 4284 1333 4351 modulaminis
1354 4312 1422 4356 car·

378 4387 466 4450 mina
479 4387 566 4451 binis
581 4385 751 4470 generibus
767 4384 891 4469 digesta
910 4385 1121 4465 subdidimus,
1137 4407 1271 4469 quorum
1286 4390 1424 4472 primum

378 4486 539 4573 dactylico
575 4486 696 4551 heroici
733 4486 890 4571 poematis
918 4488 1106 4551 hexametro
1142 4509 1179 4551 ac
1209 4488 1360 4571 pedestri,
1389 4503 1424 4557 ut
