3759 5425
489 682 528 741 18
847 695 872 738 s.
889 694 1065 740 annuatur
1081 693 1184 739 arnna

488 849 564 932 quia
586 847 733 930 Regnum
755 849 909 910 ooemrum
940 851 1002 910 uim
1029 850 1162 929 potitur
1183 856 1216 911 et
1242 849 1373 910 uiolenti
1398 849 1540 927 rapiunt

485 951 581 1014 illud.
625 951 745 1032 Liquet
773 970 902 1034 nempe,
933 951 1022 1034 quod
1052 951 1231 1015 arctissima
1260 951 1301 1013 sit
1329 950 1482 1013 violentia
1507 960 1542 1014 et

488 1051 679 1116 difficillima
693 1073 797 1115 rerum
814 1051 967 1130 conditio,
981 1064 1018 1117 nt
1031 1054 1128 1116 homo
1143 1075 1239 1137 quem
1254 1062 1399 1116 materna
1412 1053 1539 1116 foecnn·

488 1152 571 1216 ditas
587 1151 726 1236 genuina
739 1152 915 1216 nativitatis
929 1153 1061 1218 matrice
1076 1154 1109 1216 in
1124 1153 1282 1217 mundum
1297 1153 1410 1230 edidit,
1424 1153 1543 1236 spretis

486 1266 608 1320 naturae
616 1256 741 1338 legibus
749 1255 936 1320 individuus
945 1257 1100 1338 angelica
1111 1258 1267 1322 castitatis
1278 1278 1387 1321 eomes
1398 1255 1541 1319 existere

488 1368 630 1439 cogatur,
653 1369 686 1421 et
706 1365 880 1442 antequam
906 1379 1056 1442 suprema
1081 1360 1323 1424 resurrectionis
1345 1359 1445 1442 gloria
1465 1359 1541 1421 hor-

488 1459 597 1524 rendae
619 1460 730 1523 mortis
748 1460 918 1543 imperium
941 1459 976 1522 in
1005 1470 1086 1523 tetra
1109 1470 1226 1524 tartara
1245 1459 1363 1538 trudat,
1382 1470 1415 1522 et
1434 1458 1542 1522 incor-

488 1562 638 1644 ruptibile
659 1562 721 1623 hoc
744 1559 860 1623 induat
883 1561 1176 1644 incorruptionem:
1212 1562 1333 1624 Mirum
1351 1561 1384 1623 in
1408 1559 1543 1623 modum

491 1663 606 1726 terreni
621 1663 752 1726 coelibes
767 1663 895 1746 snpemi
916 1663 1040 1726 coelites
1056 1661 1125 1728 fieri
1147 1665 1403 1746 compelluntur:
1440 1661 1541 1726 Unde

489 1763 651 1827 Dominus
666 1773 774 1827 noster
795 1763 963 1826 factiosam
978 1763 1171 1828 Pharisaicae
1186 1762 1406 1848 temptationis
1419 1765 1542 1826 calum-

489 1865 575 1928 niam
604 1885 686 1928 verae
716 1865 932 1948 responsionis
962 1876 1150 1947 argumento
1186 1867 1356 1929 confirtans
1385 1863 1544 1949 explodit,

492 1967 535 2030 Ia
561 1971 796 2031 resurrectione
819 1967 971 2051 inquiens
999 1989 1063 2031 uon
1095 1969 1344 2053 antelatusque
1367 1968 1544 2045 nubentur,

489 2069 547 2131 sed
570 2077 666 2131 eruut
689 2071 774 2132 siem
797 2070 908 2152 ampeli
932 2071 967 2131 in
993 2071 1083 2132 coelo.
1128 2071 1332 2153 Opraeclara
1353 2069 1545 2151 virginitatis

491 2169 601 2250 gratia,
617 2189 689 2252 quar
705 2169 790 2232 velut
803 2187 879 2258 rosa
902 2166 1071 2230 senticosis
1091 2180 1205 2230 exorta
1222 2168 1359 2231 surculis
1381 2187 1544 2250 purpureo

491 2271 569 2333 flore
590 2270 739 2347 rubescit,
754 2281 786 2332 et
810 2289 977 2353 nunquam
992 2267 1120 2332 defectu
1138 2269 1216 2332 dirae
1238 2267 1440 2332 mortalitatis
1461 2289 1543 2331 mar·

492 2371 601 2447 rescit,
616 2383 648 2434 et
667 2373 745 2435 licet
760 2372 960 2435 moribundae
976 2373 1082 2436 carnis
1096 2372 1178 2434 fessa
1192 2371 1345 2453 fragilitas
1360 2371 1497 2444 fatiscat,
1511 2382 1546 2433 et

493 2473 731 2556 propinquante
767 2471 823 2535 fati
860 2472 997 2535 termino
1035 2493 1155 2535 cernua
1190 2491 1351 2555 curvaque
1388 2480 1545 2534 vetustate

492 2584 649 2651 senescat,
669 2573 741 2638 haec
764 2574 833 2637 sola
856 2573 889 2635 in
909 2571 1042 2635 modum
1062 2571 1217 2657 jocunda
1243 2570 1419 2656 pubertatis
1441 2591 1547 2655 nsque

494 2695 620 2760 quaque
636 2675 775 2751 virescit,
787 2685 820 2739 et
828 2673 950 2760 jugiter
964 2672 1128 2737 adolescit.
1173 2675 1225 2737 De
1238 2670 1429 2753 virginibus,
1437 2671 1548 2756 inquit

494 2780 680 2862 Apostolus,
691 2784 891 2857 praeceptum
909 2778 1045 2839 Domini
1059 2798 1124 2838 nou
1139 2773 1260 2844 laudm,-
1296 2786 1332 2837 ut
1345 2773 1481 2858 potioris
1503 2774 1546 2837 sit

493 2879 597 2941 meriti
622 2898 737 2941 munus
762 2876 850 2961 quod
876 2877 976 2939 libero
1003 2887 1188 2960 spontaneas
1212 2876 1384 2939 voluntatis
1413 2874 1546 2938 arbitrio

494 2982 634 3056 offertur,
648 3000 744 3063 quam
761 2978 848 3062 quod
865 2980 997 3044 violenti
1016 2981 1172 3064 praecepti
1186 2979 1292 3061 rigido
1306 2979 1439 3062 imperio
1457 3000 1546 3042 corn·

494 3078 648 3163 piendum
680 3079 822 3163 jubetur,
853 3079 929 3142 olim
961 3100 1035 3143 cum
1072 3079 1238 3164 triquadra
1265 3078 1378 3142 mundi
1406 3078 1546 3143 latitudo

494 3179 636 3242 noudum
666 3179 827 3243 soecundae
861 3180 983 3243 sobolis
1011 3180 1163 3263 prosapia
1195 3181 1389 3264 repleretur;
1424 3181 1546 3244 Divina

495 3281 600 3345 taliter
628 3293 802 3344 sanxerunt
831 3280 955 3345 edicta:
995 3283 1139 3345 Crescite
1162 3289 1194 3345 et
1218 3283 1490 3362 multiplicamini
1512 3290 1547 3345 et

495 3382 617 3463 replete
646 3388 778 3443 terrum.
823 3384 919 3446 Nunc
951 3404 1024 3445 vero
1047 3381 1191 3467 ejusdem
1221 3382 1307 3463 regis
1329 3382 1457 3446 decreta
1483 3403 1546 3465 pro

495 3498 674 3568 tempourm
696 3484 847 3568 qualitate
868 3496 1042 3562 mutantur,
1057 3497 1090 3548 et
1110 3486 1202 3548 aliter
1220 3486 1325 3567 legem
1343 3486 1547 3569 promulgare

496 3597 635 3670 putatur,
657 3588 714 3670 qai
729 3594 835 3666 potest
860 3606 986 3667 capere,
1000 3586 1118 3669 inquit,
1137 3590 1261 3666 capiat.
1306 3588 1391 3651 Hac
1415 3586 1548 3671 quidem

496 3688 645 3753 humane
661 3687 838 3769 fragilitatis
853 3687 1018 3771 praescins,
1032 3708 1099 3751 non
1114 3687 1219 3769 rigido
1236 3689 1391 3773 praecepti
1405 3689 1549 3766 stimulo,

497 3789 554 3853 sed
581 3789 731 3853 clementi
760 3788 977 3870 suggessionis
1006 3788 1144 3852 consilio
1169 3787 1303 3852 suadere
1332 3788 1475 3866 videtum
1508 3798 1548 3853 nt

497 3888 614 3968 singuli
626 3888 746 3971 quique
760 3888 861 3951 libero
871 3889 1043 3953 voluntatis
1055 3889 1195 3953 examini
1210 3889 1322 3966 dediti,
1333 3902 1366 3955 et
1379 3890 1549 3955 electionis

496 3990 624 4055 arbitrio
646 3988 772 4073 praediti
795 3991 981 4055 facultatem
1005 3992 1120 4055 virium
1137 3993 1275 4077 experiri
1297 4003 1428 4075 queant,
1443 3994 1547 4077 qnali-

496 4102 657 4174 tatemque
669 4091 807 4174 propriae
818 4091 943 4155 virtutis
957 4092 1145 4175 indagantes
1153 4095 1373 4175 longanimem
1383 4095 1548 4180 patientiae

494 4194 638 4257 laborem
651 4193 787 4255 tolerare
803 4189 974 4271 studeant;
1008 4194 1101 4279 cnjus
1114 4195 1256 4258 muneris
1270 4197 1366 4260 beata
1383 4197 1546 4281 possessio

498 4316 570 4358 cum
597 4294 732 4377 propria*
757 4294 880 4357 virtutis
906 4293 1065 4358 industria
1090 4296 1273 4379 specialiter
1292 4319 1313 4361 a
1334 4296 1464 4361 Christo
1483 4299 1547 4362 im-

496 4394 643 4479 portunis
658 4393 808 4476 precibus
822 4394 1019 4479 impetratur,
1033 4395 1105 4479 ipso
1120 4404 1306 4461 attestante:
1346 4400 1419 4461 Non
1438 4419 1550 4463 munes

497 4499 634 4579 capiunt
659 4495 785 4559 uerbum
813 4497 913 4574 istud,
934 4498 991 4559 sed
1012 4498 1130 4580 quibus
1155 4500 1271 4563 dotum
1291 4509 1349 4575 est,
1370 4522 1446 4583 ergo
1472 4522 1548 4565 cnm
