3759 5425
470 644 530 704 112
617 653 770 700 aaosrru
786 651 940 700 urrerem
957 652 1002 698 an
1015 650 1171 698 sononnu
1185 647 1386 699 auoursrarr.

469 807 831 872 Hostiumaserocibus
1002 804 1179 887 Protegens
1192 802 1405 866 arundinibus

467 910 699 975 Concertantes
713 907 872 990 agonibus
1004 906 1132 970 Christo
1147 924 1276 989 semper
1289 903 1453 978 fidelibus,

467 1009 630 1074 AEtherius
645 1009 701 1092 qui
716 1006 825 1072 omnia
1007 1007 1127 1071 Mundi
1141 1007 1238 1070 herus
1252 1003 1418 1070 molimina

466 1111 567 1175 Verbi
581 1121 706 1174 tantum
721 1130 796 1174 cum
811 1109 955 1173 Numine
1009 1108 1165 1172 Formasti
1181 1107 1217 1172 in
1232 1105 1365 1190 origine.

467 1212 553 1276 Mihi
567 1232 651 1275 nova
666 1211 722 1295 qui
736 1210 868 1276 nutibus
1008 1207 1206 1290 Aggrederer
1215 1207 1404 1272 nutantibus

468 1310 646 1376 Literarnm
659 1333 734 1376 cum
749 1311 873 1374 lusibus
1006 1308 1088 1372 Odia
1102 1317 1249 1394 coaptem
1264 1309 1387 1384 usibus,

469 1411 626 1477 Facunda
640 1410 739 1476 funde
754 1409 875 1474 famine
956 1457 963 1471 .
1097 1455 1105 1470 .
1236 1455 1244 1472 .
1377 1453 1384 1468 .

467 1515 592 1587 Queam
607 1522 714 1595 coepto
729 1512 764 1575 in
779 1510 921 1574 carmine
1010 1511 1109 1576 Celso
1122 1511 1261 1594 proferre
1276 1509 1394 1575 femine

467 1613 580 1676 Vtrum
594 1612 746 1674 virtutum
761 1631 886 1675 rumore
1009 1613 1255 1695 Fulgeacentem
1269 1612 1301 1676 in
1317 1611 1435 1675 aethere

467 1713 600 1778 Cassam
614 1711 755 1797 priscum
770 1731 845 1775 cum
860 1713 991 1777 nomine
1007 1713 1182 1797 Comptum
1198 1713 1297 1776 veluti
1310 1713 1430 1776 lumine

467 1817 562 1879 Astra
576 1813 707 1898 Olympi
721 1812 822 1896 ignito
1006 1813 1106 1877 Ardui
1121 1815 1193 1878 orbi
1208 1825 1322 1896 vegeto

468 1916 582 1979 Larem
595 1915 715 1978 librant
728 1913 892 1978 lucifluam
1009 1915 1162 1979 Lustrant
1176 1916 1249 1979 axis
1262 1916 1429 2000 ignifluam

468 2016 594 2080 Molem
608 2013 731 2079 mundo
745 2015 925 2079 minacibus
1012 2016 1218 2081 Eminentem
1232 2038 1308 2081 cnm
1323 2018 1449 2080 arcibus

467 2117 605 2181 &mum
620 2116 745 2180 firmum
761 2116 931 2198 frigoribus
1009 2117 1087 2181 Foci
1103 2120 1269 2202 complent
1283 2119 1445 2182 caloribus

468 2217 549 2284 Caeli
563 2217 657 2301 juber
671 2239 689 2281 e
706 2217 846 2282 culmine
989 2285 1002 2292 ,
1011 2218 1136 2284 croceo
1150 2219 1293 2284 fundunt
1302 2220 1444 2284 fulmine.

467 2320 565 2384 Titan
579 2329 692 2382 tremet
706 2318 899 2382 torrentibus
1008 2319 1109 2384 Tedis
1121 2321 1186 2384 late
1199 2321 1384 2385 lucentibus

467 2419 592 2484 Passim
608 2419 695 2483 orbis
708 2439 767 2502 per
781 2419 957 2500 marginem
1009 2418 1165 2504 Adusquc
1180 2422 1253 2484 caeli
1267 2421 1431 2485 cardinem

467 2522 590 2585 Phoebe
606 2541 736 2605 quoque
752 2519 960 2602 flagrantibus
1012 2521 1155 2585 Fratrem
1165 2520 1258 2605 juvat
1271 2523 1439 2586 ardoribus

466 2624 606 2688 Noctem
620 2623 745 2706 nigram
761 2621 934 2684 nubeculis
1010 2623 1133 2686 Lucem
1148 2623 1263 2687 lustrat
1277 2624 1450 2688 corniculis

466 2726 572 2789 Ambo
587 2734 740 2809 spargunt
754 2723 931 2807 spiramina
1011 2725 1103 2805 Ignis
1118 2726 1258 2790 aethralis
1271 2728 1394 2790 lumina

467 2827 584 2911 Neque
597 2837 717 2889 nocent
731 2824 889 2888 nitoribus
1014 2826 1201 2891 Nemorosis
1216 2828 1394 2911 cespitibus

466 2926 565 2990 Ruris
579 2925 672 3007 rigati
686 2924 790 2987 rivulo
1006 2926 1145 2992 Roscidi
1160 2930 1239 2993 roris
1253 2930 1367 2994 sedulo

467 3024 533 3090 Sed
547 3027 686 3089 lutosam
700 3024 881 3107 liquoribus
1006 3026 1170 3094 Tellurem
1185 3032 1446 3097 humectantibus

467 3127 610 3190 Arebent
624 3135 708 3189 nstm
721 3123 821 3206 ignito
1000 3127 1164 3195 Torrentis
1179 3134 1267 3213 globi
1276 3132 1388 3218 jaculo

466 3226 618 3292 Gliscunt
630 3237 666 3290 nt
682 3226 784 3306 glebae
801 3226 944 3306 germina
1004 3230 1095 3296 Dura
1110 3243 1205 3319 atque
1220 3236 1389 3301 tenerrima

468 3328 539 3393 Situ
553 3326 681 3391 roscido
696 3327 823 3404 robora,
1014 3332 1159 3419 Qnaeque
1173 3337 1332 3401 virescunt
1346 3346 1456 3403 tenera

468 3429 645 3493 Succorum
659 3434 791 3491 sumunt
807 3447 953 3511 saporem
1010 3432 1160 3498 Severum
1176 3458 1251 3501 nam
1267 3459 1326 3523 per
1340 3459 1502 3524 vaporem.

466 3533 536 3595 Ista
550 3530 651 3594 cassis
665 3550 724 3613 per
738 3528 881 3593 culmina
1010 3534 1112 3599 Prisci
1126 3538 1274 3619 pandunt
1287 3540 1477 3623 praefirlgida

467 3632 616 3697 Gloriosa
631 3652 689 3715 per
702 3629 830 3714 agmina
1003 3636 1356 3705 Gemmiferaoremina

466 3734 625 3797 Rutilcnti
641 3731 788 3797 redimita
1005 3738 1126 3802 Obrizo
1141 3742 1229 3805 velut
1243 3742 1378 3826 limpida

466 3835 561 3896 Astra
574 3834 711 3897 convexi
727 3832 857 3918 Olympi
1004 3839 1083 3902 Orbi
1100 3842 1281 3907 clarescunt
1295 3844 1389 3909 viridi

467 3932 649 3997 Aldelmum
664 3955 739 3997 nam
754 3935 945 4000 alnsmmum
1005 3939 1096 4005 Ceno
1111 3952 1206 4026 atque
1222 3946 1431 4011 clarissimum

466 4035 541 4100 Alto
556 4043 732 4099 nostratum
748 4036 878 4101 nomine
999 4042 1230 4126 Nuncupatum
1245 4057 1279 4109 et
1292 4050 1425 4112 numine

467 4136 646 4199 Polleutem
662 4156 720 4219 per
735 4137 875 4202 celestia
1004 4142 1175 4209 Potentem
1190 4167 1228 4211 ac
1243 4150 1403 4214 terrestria

467 4237 535 4314 Sic,
550 4237 597 4301 sic
613 4258 689 4301 sane
705 4239 897 4303 sublimibus
1001 4244 1087 4309 Satis
1101 4256 1247 4312 ornatum
1264 4250 1407 4315 cultibuu

469 4338 550 4402 caeli
565 4360 626 4402 cen
640 4359 699 4422 per
712 4340 856 4404 culmina
1002 4344 1153 4413 candent
1166 4368 1225 4431 per
1239 4360 1309 4415 orta
1323 4352 1466 4418 fulmine.

468 4438 549 4513 lllis,
564 4437 630 4502 illis
642 4439 674 4501 in
691 4440 842 4506 omnibus
1006 4450 1176 4531 AEqualem
1193 4450 1267 4515 dico
1283 4453 1410 4517 actibus
