3759 5425
692 768 734 812 us
751 768 912 813 muninus
928 767 1161 811 vracrurravrs.
1431 752 1451 807 ὁ

398 921 582 1006 diremptas,
591 921 690 985 immo
701 922 845 985 centenis
859 933 1030 984 metrorum
1046 920 1215 1003 generibus
1228 918 1451 1001 sequestratim

398 1024 566 1100 discretas,
582 1022 737 1105 sagaciter
751 1023 952 1107 inquirendo.

442 1128 483 1189 V.
507 1128 598 1211 Apis,
614 1126 757 1210 inquam,
773 1138 905 1210 propter
919 1126 1094 1211 peculiaris
1109 1124 1307 1188 castimoniae
1325 1124 1451 1208 privile-

398 1233 500 1315 gium,
515 1231 735 1316 pudicissimas
751 1232 954 1313 virginitatis
969 1244 1082 1317 typum
1097 1243 1131 1294 et
1144 1230 1302 1294 Ecclesiae
1324 1241 1451 1313 porten-

399 1332 477 1396 dere
503 1333 643 1417 speciem
669 1332 852 1396 indubitata
875 1332 1110 1415 Scripturarum
1132 1330 1332 1393 Authoritate
1354 1329 1451 1393 adsti-

399 1437 538 1520 pulatur.
583 1438 664 1509 Quae
680 1437 831 1499 florentes
847 1438 986 1499 saltuum
1008 1436 1147 1521 cespites
1168 1433 1322 1497 ineffabili
1344 1433 1452 1516 praeda

399 1534 613 1620 depopulans,
638 1536 747 1601 dulcia
776 1546 924 1601 natorum
953 1537 1100 1620 pignora,
1124 1536 1272 1599 nesciens
1298 1534 1453 1618 conjugii,

399 1639 589 1703 illecebrosa
604 1640 764 1703 consortia
782 1641 897 1702 soetosa
916 1637 1054 1722 quadam
1074 1637 1254 1701 suavissimi
1268 1637 1358 1700 succi
1374 1657 1451 1699 con-

400 1740 542 1803 cretione
557 1741 716 1824 producit.
746 1742 896 1805 Ecclesia
909 1764 984 1804 vero
999 1742 1050 1804 bis
1064 1752 1159 1805 acuto
1174 1740 1451 1803 Testamentorum

401 1862 553 1904 mucrone
575 1842 742 1905 hominum
758 1843 895 1905 vitaliter
916 1842 1014 1905 corda
1035 1843 1300 1917 transverberans,
1314 1841 1451 1904 haeredi-

399 1942 513 2005 tariam
533 1942 685 2023 legitimae
706 1942 890 2006 aeternitatis
911 1942 1055 2005 sobolem
1075 1952 1165 2004 casto
1180 1941 1267 2004 verbi
1287 1941 1453 2005 foecundat

399 2044 534 2107 semine.

444 2146 502 2208 VI.
526 2145 612 2208 Illud
639 2147 734 2209 etiam
762 2146 1076 2211 commemorandum
1104 2144 1144 2209 de
1170 2167 1267 2228 apum
1297 2144 1450 2209 concordi

399 2245 577 2326 sodalitate,
592 2258 625 2311 et
639 2249 783 2313 theatrali
806 2250 948 2333 quodam
970 2250 1156 2331 spectaculo
1178 2246 1373 2331 stupendum
1396 2268 1451 2309 au·
1560 2294 1564 2300 .

398 2361 499 2411 turno.
539 2350 731 2412 Ultroueum
747 2350 899 2414 videlicet
915 2349 1101 2413 voluntariae
1117 2350 1276 2412 servitutis
1291 2350 1453 2425 affectum,

400 2471 498 2534 quem
519 2472 594 2531 erga
615 2473 744 2515 suornm
766 2453 922 2535 obsequia
940 2452 1124 2535 principum
1144 2472 1293 2514 exercere
1312 2470 1451 2512 noscun-

398 2566 459 2615 tur.
516 2552 634 2616 Nonno
663 2555 723 2616 sub
755 2553 982 2638 hujuscemodi
1019 2544 1299 2634 contemplationis
1334 2550 1453 2613 intuitu

399 2656 507 2719 omnis
536 2656 725 2720 Monasticae
756 2656 1010 2722 conversationis
1040 2654 1212 2738 disciplina
1236 2664 1269 2719 ct
1296 2652 1452 2736 regularia

400 2758 629 2822 Coenobiorum
659 2759 816 2836 instituta,
842 2759 1004 2821 simillima
1029 2758 1200 2821 collatione
1226 2751 1451 2818 declarantur?

400 2853 564 2927 Quamdiu
578 2855 662 2918 enirn
679 2857 829 2939 antiquas
848 2854 1028 2918 inhabitare
1043 2854 1147 2933 sedes,
1161 2867 1193 2918 et
1207 2857 1325 2938 exigua
1344 2855 1451 2918 lovere

398 2959 526 3039 tuguria
541 2959 725 3040 gracillimis
741 2968 892 3022 contexta
909 2959 1081 3022 viminibus
1099 2980 1157 3022 seu
1177 2959 1297 3022 cavatis
1317 2967 1453 3022 consuta

399 3059 573 3124 corticibus
587 3060 652 3136 ille,
668 3061 724 3143 qui
739 3061 821 3123 inter
837 3071 971 3124 caeteros
994 3060 1201 3143 Magistratus
1220 3061 1327 3124 officio
1347 3059 1450 3141 fungi·

399 3170 462 3237 tur,
486 3159 671 3237 decreverit,
697 3162 786 3224 nulla
815 3183 856 3224 ex
885 3162 1043 3225 immensa
1072 3160 1287 3237 multitudine,
1312 3159 1452 3242 fugitivis

400 3259 599 3325 discursibus
614 3273 646 3324 et
662 3263 801 3345 passivis
815 3261 974 3326 volatibus
995 3283 1054 3345 per
1076 3262 1194 3327 aetbera
1208 3274 1349 3342 vagatur.
1393 3263 1453 3324 Ast

400 3363 428 3425 si
443 3363 537 3426 certis
552 3363 759 3444 exigentibus
774 3363 880 3427 causis
896 3375 929 3426 et
944 3374 1080 3443 cogente
1101 3361 1326 3446 peregrinandi
1340 3383 1438 3426 neces

399 3464 493 3527 sitate
507 3465 572 3543 illa,
587 3465 639 3528 cui
655 3466 839 3528 consulatus
854 3466 924 3528 vice
939 3465 1080 3546 regimen
1103 3475 1286 3528 caeterarum
1303 3464 1452 3527 commis·

398 3585 470 3630 sum
486 3579 543 3645 est,
558 3579 693 3630 externa
707 3587 849 3650 quaerere
872 3587 971 3645 regna
991 3565 1156 3628 maluerit:
1181 3566 1350 3649 Nusquam
1365 3562 1451 3647 apud

399 3667 548 3730 mortales
558 3665 668 3729 videas
679 3677 838 3729 extorrem
853 3664 987 3748 propria
1000 3665 1128 3746 pulsum
1144 3665 1257 3746 patria,
1265 3677 1330 3726 tam
1344 3663 1453 3726 densis

400 3767 599 3831 exercituum
615 3765 800 3848 agminibus
815 3775 947 3847 tamque
963 3762 1075 3845 spissis
1088 3763 1250 3845 legionum
1266 3763 1453 3826 cohortibus

399 3867 572 3950 constipari
583 3890 591 3945 3
617 3868 664 3930 ita
683 3884 812 3949 prorsus
834 3874 869 3926 ut
888 3863 990 3926 multo
1010 3863 1163 3926 libentius
1183 3865 1225 3925 ob
1244 3865 1452 3927 reverentiam

397 3967 556 4053 principis
576 3967 616 4032 ad
638 3968 815 4030 incolarum
836 3986 966 4049 peregre
986 3965 1217 4049 proficiscatur,
1232 3987 1326 4050 quam
1343 3966 1452 4030 dorne·
1492 4007 1500 4017 ·

399 4069 490 4133 sticis
520 4079 655 4132 assuetae
686 4069 817 4141 delitiis,
841 4078 874 4131 et
897 4067 1067 4130 vernacula
1096 4079 1255 4130 contentae
1282 4071 1389 4150 quieta
1418 4069 1452 4131 in

399 4169 523 4232 cellulis
544 4181 790 4232 commorentur.
837 4166 924 4238 Quid
940 4168 1027 4229 enim
1043 4188 1153 4250 quaeso
1173 4167 1204 4230 in
1226 4186 1329 4229 rerum
1344 4169 1452 4232 visibi-

398 4270 479 4334 lium
493 4269 595 4332 videri
610 4269 695 4332 valet
714 4281 837 4344 natura,
853 4267 931 4350 quid
955 4277 1018 4330 tam
1042 4267 1167 4347 ingenti
1188 4267 1295 4330 studio
1316 4271 1453 4333 auctoris

398 4373 449 4436 sui
464 4382 629 4456 praecepto
644 4383 754 4456 pareat
769 4383 801 4434 et
815 4370 899 4452 regis
914 4370 1083 4452 imperium
1105 4371 1239 4454 implere
1253 4373 1451 4437 contendat?

399 4483 436 4538 nt
450 4477 564 4538 merito
577 4487 708 4558 propter
719 4475 846 4538 intactae
858 4473 1057 4555 virginitatis
1067 4485 1179 4556 typum
1194 4485 1226 4538 et
1241 4491 1453 4558 spontaneum

400 4576 522 4641 devotae
538 4575 749 4661 subjectionis
768 4574 1044 4656 famulatumque
1060 4574 1245 4658 exemplum
1260 4577 1451 4640 obedientias
