3759 5425
626 684 1026 749 casaromanacracruu,
1042 690 1115 734 aro.
1333 674 1394 733 aul

347 836 537 901 madescens
560 836 784 918 madescentis,
808 842 971 921 rigescens
996 843 1192 925 rigescentis.
1238 842 1291 907 Sic
1318 854 1397 906 tem·

346 958 425 1021 pore
454 941 614 1022 praeterito
641 954 674 1004 et
703 942 807 1005 saturo
836 964 894 1026 per
922 945 1095 1026 genitivum
1122 946 1277 1029 pluralem
1303 944 1398 1009 amati

347 1050 537 1120 amatorum,
573 1043 679 1106 necati
715 1056 912 1123 necatorum,
949 1047 1032 1111 litati
1069 1046 1243 1125 litatorum,
1271 1046 1399 1113 amandi

348 1142 567 1222 amandorum,
596 1146 733 1210 necandi
770 1149 1000 1228 necandorum,
1036 1151 1151 1214 litandi
1185 1149 1396 1227 litandorum

347 1243 396 1308 sic
412 1244 641 1325 docendorum,
656 1248 876 1331 legendorum,
891 1251 1116 1331 regendorum,
1132 1251 1355 1333 gerendorum.

393 1346 436 1409 D.
459 1350 672 1431 Antespastus
694 1370 758 1434 quo
782 1364 915 1415 accentu
936 1353 1092 1437 profertur
1101 1352 1208 1418 t-M.
1233 1352 1400 1417 Interdum

349 1448 484 1529 acuitur,
501 1460 536 1513 nt
556 1453 759 1535 tepescentis,
780 1455 986 1531 tabescentis,
1005 1457 1194 1520 acescentis.
1239 1456 1400 1519 Nonnun-

349 1568 444 1633 quam
468 1571 541 1614 vero
565 1552 834 1631 circumflectitur,
848 1564 884 1617 nt
904 1555 1088 1639 paludatus,
1107 1557 1323 1640 palumbinus,
1345 1576 1400 1619 co·

347 1648 521 1714 lumbinus.
568 1652 691 1715 Harum
722 1664 828 1717 autem
857 1676 962 1719 rerum
991 1643 1071 1721 ratio
1100 1669 1205 1721 utrum
1235 1666 1329 1722 acuto
1358 1676 1400 1720 an

348 1750 560 1815 circumflexo
588 1755 829 1837 pronunciatur,
858 1769 1011 1822 accentus
1048 1758 1165 1844 positio
1201 1759 1253 1822 vel
1288 1769 1403 1822 natura

347 1852 422 1916 luce
437 1852 554 1917 clarius
572 1856 785 1920 manifestant.
831 1858 897 1922 Hic
915 1879 974 1942 pro
995 1881 1090 1944 aequa
1109 1859 1274 1925 divisionis
1291 1859 1401 1945 specie

348 1964 574 2038 sequestratur,
589 1955 665 2019 dnm
680 1958 760 2021 arsis
775 1968 808 2021 et
822 1960 920 2023 thesis
934 1961 1065 2043 paribus
1079 1973 1260 2045 temporum
1274 1961 1401 2041 legibus

349 2052 557 2131 concordant,
571 2054 607 2118 id
621 2068 671 2123 est
685 2058 783 2121 ternis
799 2068 831 2121 et
845 2059 955 2123 ternis.

743 2159 796 2223 De
812 2159 1012 2224 Chartambo.

393 2257 436 2321 D.
460 2257 674 2324 choriambus
689 2260 775 2325 unde
788 2264 981 2328 vocabulum
996 2265 1125 2328 sortitus
1141 2263 1302 2328 esti—M.
1314 2264 1400 2336 Quia

349 2380 391 2424 ex
416 2359 543 2425 choraeo
565 2371 597 2424 et
618 2362 726 2425 iambo
748 2362 864 2447 simpla
886 2362 1006 2446 pedum
1028 2376 1186 2428 structura
1206 2365 1242 2428 in
1263 2364 1400 2448 duplum

347 2462 528 2545 geminatus
543 2474 686 2527 constat:
711 2463 856 2527 choraeus
872 2465 992 2548 qnippe
1007 2464 1170 2528 trochaeus
1184 2472 1399 2547 cognomento

348 2574 564 2646 nuncupatur.

393 2666 438 2730 D.
460 2666 623 2752 Exempla
644 2668 828 2733 choriambo
851 2668 1059 2752 congruentia
1081 2689 1262 2751 congerere,
1280 2688 1401 2753 quaeso,

348 2790 416 2836 non
441 2771 672 2833 recuses.-M.
710 2770 935 2855 Omnipotens,
961 2771 1157 2854 ignipotens,
1181 2770 1402 2855 pinnipotens,

348 2871 556 2956 armipotens,
599 2871 788 2950 arcitenens,
832 2873 990 2953 caesaries,
1034 2871 1182 2949 canities,
1221 2870 1403 2954 progenies,

349 2974 482 3052 esuries,
496 2973 656 3057 planities,
671 2974 814 3038 luxuries
820 2997 830 3051 ;
855 2975 938 3038 utin
955 2974 1142 3058 Georgicis:

491 3079 633 3134 Luxuriam
644 3085 764 3148 segetum
775 3086 865 3134 tenma
876 3079 992 3153 depascit
1002 3081 1030 3134 in
1042 3081 1137 3134 herba:

349 3174 530 3261 temperies,
545 3175 707 3254 segnities,
723 3176 878 3254 calvities,
892 3176 1063 3258 ingluvies,
1074 3177 1211 3250 illuvies,
1224 3176 1402 3254 sinceritas,

349 3277 538 3361 posteritas3
561 3274 709 3339 utillud:

493 3381 530 3435 Et
540 3383 574 3434 ait
585 3383 725 3454 priscorum
735 3383 823 3436 nescia
833 3385 971 3453 posteritas
980 3405 987 3449 3

350 3479 535 3560 crudelitas,
554 3478 721 3557 sedulitas,
736 3480 884 3558 ebrietas,
900 3481 1066 3556 sobrietas,
1082 3479 1282 3565 simplicitas,
1298 3480 1404 3567 dupli-

350 3584 443 3661 citas,
476 3583 633 3666 impietas,
669 3581 831 3660 nobilitas,
867 3581 1000 3658 ntilitas,
1035 3579 1205 3657 calliditas,
1240 3583 1405 3664 asperitas,

350 3685 524 3768 virginitas.
569 3684 616 3746 Ut
630 3682 766 3766 Prosper
779 3683 812 3744 in
829 3683 1146 3765 Epigrammatibus:

492 3789 550 3842 Nec
561 3789 643 3842 amois
654 3789 779 3862 asperitas
791 3791 876 3861 potuit
886 3795 984 3843 terrere
994 3788 1133 3843 volentem.

349 3890 406 3954 Ex
421 3887 559 3974 hisquae
575 3888 675 3951 tertie
691 3887 915 3951 declinationis
935 3897 1010 3950 sunt
1024 3896 1215 3971 pentaptota
1230 3887 1404 3952 certissime

349 3991 447 4054 fiunt:
470 4011 543 4073 qun
560 3999 666 4052 antem
682 3989 801 4073 quintae
816 3988 945 4067 fuerint,
960 3988 1002 4052 ad
1018 3999 1221 4074 tetraptotam
1235 3988 1404 4053 formulam

348 4092 543 4175 rediguntur.
574 4093 655 4155 Item
670 4091 803 4154 nomina
814 4091 959 4154 feminini
971 4093 1097 4174 generis
1108 4091 1262 4172 singulari
1272 4111 1405 4154 numero

350 4193 492 4272 carentia
513 4192 555 4257 ad
578 4193 799 4257 choriambum
821 4192 1025 4276 pertinentia,
1050 4203 1086 4257 nt
1107 4192 1242 4268 exuvie,
1269 4190 1406 4269 deliciae,

350 4296 481 4372 dividae,
496 4295 628 4374 inferiae,
640 4295 818 4373 blanditiae,
833 4293 994 4379 primitia,
1007 4296 1145 4372 insidiae,
1160 4294 1320 4378 exequiae,
1334 4295 1408 4358 reli·

351 4399 446 4483 quiae,
458 4398 618 4473 excubiae,
629 4398 701 4462 haec
717 4406 889 4481 tetraptota
903 4407 988 4462 snut.
1019 4397 1084 4462 Sed
1100 4409 1134 4461 et
1148 4396 1282 4462 nomina
1295 4398 1406 4482 primae

352 4509 384 4562 et
406 4497 658 4584 secundaeque
684 4497 724 4563 sd
740 4499 868 4562 Paeonis
891 4499 986 4582 primi
1009 4500 1137 4580 regulas
1160 4499 1409 4563 subterinserere
