3759 5425
464 680 527 739 280
745 692 1230 757 arrsromsnacracrorr,mn

465 847 511 911 Et
525 846 622 927 longe
636 846 781 911 inferius:

815 972 910 1024 agmen
921 956 1010 1027 pant
1002 974 1108 1011 merme

468 1050 573 1115 Sedeo
598 1051 669 1115 sedi
691 1050 778 1131 sede,
800 1053 894 1117 video
916 1053 982 1117 vidi
1007 1052 1090 1132 ride,
1115 1067 1148 1118 et
1172 1064 1287 1117 cetera
1315 1054 1441 1118 similis.
1483 1051 1516 1111 Α

465 1154 557 1217 tertia
576 1175 704 1239 qnoque
726 1154 950 1239 conjugatione
970 1177 1043 1219 curn
1068 1156 1103 1218 in
1124 1156 1316 1239 preteritum
1337 1155 1517 1271 perfecmm

467 1256 569 1340 prima
581 1277 719 1341 persona
734 1258 845 1339 vergit,
860 1257 1035 1342 spondaeus
1049 1258 1214 1340 figuratur,
1223 1268 1261 1322 ut
1274 1258 1380 1321 scribo
1390 1255 1518 1369 scripsi,

467 1358 577 1440 scalpo
606 1358 735 1471 scalpsi,
758 1359 871 1442 sculpo
893 1359 1025 1442 sculpsi,
1046 1380 1125 1442 repo
1153 1358 1250 1440 repsi,
1271 1378 1380 1439 mergo
1409 1356 1517 1432 ιιιιιιιὶ,

467 1477 561 1573 serpo
600 1458 710 1541 serpsi,
750 1456 835 1520 cudo
874 1456 960 1535 cudi,
1004 1479 1120 1541 mmpo
1167 1458 1251 1539 rupi,
1294 1456 1376 1520 cedo
1421 1456 1516 1531 cessi,

466 1556 557 1641 sepio
593 1558 690 1642 sepsi,
726 1558 845 1642 plaudo
878 1559 994 1642 plausi,
1023 1559 1122 1622 farcio
1151 1558 1237 1636 farsi,
1265 1557 1378 1620 barrrio
1410 1556 1514 1629 hausi,

467 1660 568 1723 sarcio
594 1660 684 1737 sarsi,
709 1660 804 1723 flecto
829 1660 919 1737 flexi,
944 1681 1020 1742 rego
1042 1660 1124 1737 rexi,
1146 1660 1229 1722 vebo
1250 1656 1513 1740 rexi,s1gofixi,

467 1760 541 1825 vivo
563 1760 643 1839 vixi,
657 1760 741 1825 meio
763 1760 879 1839 minxi,
893 1762 983 1844 tingo
999 1761 1095 1839 tinxi,
1109 1761 1205 1842 cingo
1221 1753 1320 1836 cinxi,
1335 1778 1415 1840 sugo
1430 1757 1514 1833 suxi,

466 1883 525 1926 nro
545 1862 624 1940 ussi,
641 1861 735 1927 trudo
758 1862 846 1941 trusi,
861 1883 969 1946 coquo
991 1863 1078 1940 coxi,
1099 1861 1185 1927 duco
1206 1859 1296 1925 duxi.
1341 1862 1516 1926 Sumuntur

466 1963 561 2029 etiam
586 1962 730 2049 ejusdem
755 1964 850 2047 pedis
874 1963 1027 2047 exempla
1050 1966 1091 2028 ab
1116 1962 1269 2027 adverbio
1295 1963 1458 2046 qualitatis
1481 1972 1513 2026 et

465 2064 661 2148 quantitatis,
678 2075 715 2127 ut
735 2074 857 2141 sancte,
878 2074 976 2141 caste,
998 2063 1105 2140 docte,
1127 2085 1210 2141 care,
1230 2064 1305 2141 late,
1325 2065 1433 2144 longe.
1476 2062 1511 2126 Si

465 2176 570 2230 autem
597 2166 667 2230 baec
693 2167 824 2230 nomina
849 2167 966 2231 fuerint
990 2167 1128 2231 iocatiri
1148 2188 1253 2244 casus,
1274 2164 1316 2229 ad
1338 2166 1511 2229 trochaeum

464 2266 657 2349 rediguntur,
680 2290 747 2330 non
778 2268 820 2331 ad
849 2267 1048 2351 spondaeum.
1092 2266 1236 2332 Plurima
1261 2287 1390 2352 quoqne
1416 2265 1511 2351 parti·

465 2368 550 2453 cipis
571 2378 712 2451 ternpore
735 2370 886 2453 presenti
907 2368 1053 2453 spondaei
1077 2368 1203 2449 legibus
1226 2389 1293 2430 non
1317 2368 1511 2450 refragantur

465 2468 521 2532 sed
544 2471 765 2551 suffragantur,
788 2482 824 2533 ut
846 2468 969 2547 dicens,
989 2469 1121 2547 ducens,
1142 2470 1262 2544 vivens,
1284 2479 1426 2550 turgens,
1446 2480 1509 2531 tru-

465 2569 555 2647 dens,
570 2580 725 2648 stemens,
740 2580 884 2649 stertens,
899 2568 1067 2634 scandens

507 2671 550 2734 D.
572 2671 683 2735 Partes
703 2671 881 2737 orationum
905 2692 977 2755 quse
999 2671 1154 2756 spondaeo
1176 2670 1357 2736 subduntur
1378 2691 1445 2757 qno
1459 2689 1509 2734 ac·

465 2782 561 2835 centu
576 2770 772 2854 proferendae
788 2785 863 2835 sunt
874 2769 981 2836 i-M
996 2773 1118 2836 Omnes
1132 2771 1264 2856 quidem
1274 2783 1341 2837 tam
1351 2770 1509 2856 positione

464 2894 561 2960 quam
575 2886 687 2938 natura
701 2875 808 2956 longae
825 2874 1008 2956 regulariter
1021 2882 1189 2938 acuuntur.

830 2974 1008 3056 [recepitde
1025 2973 1148 3037 [amco.

507 3077 549 3138 D.
574 3077 711 3140 iambici
725 3075 819 3159 pedis
834 3077 985 3159 exempla
1003 3075 1150 3159 primitus
1169 3097 1190 3138 a
1208 3073 1339 3139 nomine
1354 3073 1511 3139 venientia

462 3196 634 3258 congerere
650 3197 714 3241 non
731 3176 942 3260 pigeat-M.
965 3175 1117 3252 Nomina,
1132 3197 1206 3260 qnae
1220 3174 1369 3240 iambicis
1385 3175 1511 3258 legibus

462 3287 665 3352 concurrunt,
691 3277 762 3342 hoec
789 3299 858 3342 esse
883 3287 1070 3356 noscuntur,
1094 3289 1130 3340 ut
1156 3277 1250 3356 silex,
1274 3297 1387 3355 senex,
1413 3276 1511 3352 calix,

463 3380 568 3457 calex,
594 3399 691 3462 apex,
715 3380 815 3456 latex,
840 3389 949 3455 tenax,
974 3399 1086 3461 rapax,
1108 3377 1217 3460 fugax,
1242 3397 1352 3459 sagax,
1376 3398 1513 3462 procax,

462 3481 585 3559 minax,
614 3481 711 3560 edax,
740 3501 847 3560 emax,
876 3481 967 3544 varix
997 3479 1083 3544 unde
1112 3480 1274 3544 varicosus
1308 3478 1427 3544 dicitur
1454 3478 1511 3564 qui

462 3587 622 3652 varicibus
639 3583 673 3648 id
694 3596 743 3649 est
760 3584 911 3647 tortuosis
932 3603 1083 3646 venarum
1106 3583 1311 3647 amfractibus
1331 3583 1365 3644 in
1387 3582 1513 3667 poplite

463 3699 496 3751 et
510 3688 590 3752 suris
604 3687 772 3771 pulparum
789 3684 1000 3761 deformatum
1025 3684 1131 3762 trilex,
1147 3685 1272 3769 triplex,
1288 3687 1390 3763 salex,
1405 3685 1512 3760 culex,

463 3794 499 3848 ut
513 3784 680 3865 Virgilium
696 3782 856 3847 distichon
870 3783 985 3846 fecisse
1001 3784 1231 3847 commentaria
1244 3783 1429 3851 declarant:

606 3887 689 3940 Parve
701 3885 777 3940 culex
788 3887 913 3959 pecudum
924 3891 1011 3940 custos
1021 3887 1070 3940 tibi
1081 3887 1135 3942 tale
1146 3889 1255 3946 meari

605 3972 715 4027 Funeris
726 3971 842 4026 officium
853 3973 913 4026 vire
923 3989 969 4046 pro
980 3989 1087 4027 munere
1097 3975 1192 4028 reddit.

463 4072 637 4138 Scanditur
651 4071 713 4134 ita:
731 4090 825 4154 parve
837 4070 954 4134 culex
964 4070 1147 4154 pecudum
1159 4082 1289 4136 custos
1299 4092 1511 4157 pr0.munere

461 4173 586 4251 reddit,
623 4185 655 4237 et
678 4172 731 4236 hic
758 4192 866 4235 versus
896 4171 1072 4235 Bucolicus
1096 4185 1244 4252 vocatur,
1282 4174 1383 4249 ferox,
1408 4171 1510 4248 ferax,

462 4295 596 4358 sequax,
610 4277 741 4359 loquax,
763 4294 897 4357 procax,
919 4294 1047 4356 parens,
1069 4275 1228 4359 frequens,
1251 4296 1374 4352 recens,
1396 4275 1509 4352 cliens,

460 4377 552 4454 fides,
578 4377 660 4452 dies,
686 4378 788 4440 salus:
826 4377 919 4460 palus
945 4374 1073 4460 paludis
1103 4377 1130 4439 si
1157 4377 1259 4441 tertia
1285 4376 1510 4442 declinationis

459 4477 562 4553 suerit,
587 4477 627 4540 ad
654 4478 795 4541 iambum
817 4476 975 4562 pertinere
998 4475 1085 4540 haud
1108 4477 1241 4542 dubium
1266 4488 1322 4542 est.
1369 4479 1414 4543 Ut
1437 4477 1510 4541 Vir·

459 4579 554 4652 nilius
568 4578 651 4641 libro
667 4579 711 4642 Vl
726 4601 733 4641 ι

1230 334 1637 803 l

1620 812 1643 1366 ¹
