3759 5425
452 632 516 693 alo

707 652 752 698 DE
767 649 852 696 00'f0
868 649 1123 698 PRINCIPALlBUS
1137 649 1250 698 vlrttt.

538 801 659 864 Nonne
674 803 752 868 satis
767 803 858 881 foret,
874 815 910 868 ut
925 802 1047 888 quadro
1063 826 1137 870 cum
1153 803 1284 868 cmdine
1301 801 1452 880 mundus,

538 903 643 975 Quem
659 905 780 988 vertigo
794 906 863 988 poli
876 907 986 988 longis
1000 906 1206 972 amfractibus
1221 904 1332 984 ambit,

540 1005 665 1070 Usibus
679 1007 830 1072 humanis
844 1008 975 1074 serviret
988 1009 1048 1072 rite
1063 1028 1122 1091 per
1137 1028 1250 1086 aerum,

543 1107 650 1171 Infids
663 1118 806 1174 terrenos
820 1108 853 1171 ni
869 1110 944 1173 coeli
960 1120 1069 1173 comat
1083 1106 1253 1172 alumnos?

539 1208 617 1273 Heu
632 1211 749 1286 scelus,
763 1211 828 1274 beu
841 1211 978 1288 facinus,
992 1211 1119 1276 miseris
1134 1210 1323 1274 mortalibus
1337 1207 1464 1272 onum?

542 1310 589 1374 Et
601 1311 663 1376 hac
679 1333 722 1375 ex
737 1333 821 1377 rana
834 1315 1009 1397 praesertim
1026 1313 1129 1394 gloria
1143 1313 1250 1389 fretus

543 1411 645 1476 Haud
658 1415 774 1478 metuit
787 1415 939 1499 princeps
953 1437 1011 1500 spe
1027 1415 1265 1480 circumventus
1279 1411 1379 1478 inani.

542 1514 599 1578 Ex
614 1515 677 1579 hoc
693 1515 868 1597 gignuntur
881 1516 1028 1580 vitiorum
1043 1517 1153 1580 fomite
1168 1513 1298 1579 clades:

544 1615 698 1678 Letbiferi
711 1616 851 1698 primum
867 1616 955 1680 verbi
972 1617 1138 1680 contentio
1153 1635 1309 1699 praeceps.

544 1715 628 1780 lude
640 1716 763 1781 heresis
777 1718 896 1800 gliscit,
910 1739 1039 1783 necnon
1049 1719 1209 1804 jactantia
1223 1717 1348 1793 crescit,

545 1815 611 1880 His
625 1837 756 1900 quoque
770 1817 976 1900 congreditur
989 1819 1175 1903 presumsio
1191 1829 1264 1882 trux
1280 1817 1466 1893 novitatum,

545 1915 611 1981 Sed
625 1929 697 2002 tyro
710 1919 845 1984 infracta
858 1931 962 1984 tectus
978 1920 1138 1986 testudine
1154 1919 1286 1999 Christi,

549 2019 690 2084 Horrida
704 2020 849 2086 vulnifici
864 2021 1008 2087 detrudit
1023 2023 1149 2108 spicula
1163 2022 1247 2086 ferri.

587 2121 742 2186 Octavam
758 2125 901 2188 cumulat
915 2125 1096 2188 aurulenta
1110 2124 1262 2206 superbia
1276 2136 1425 2198 turmam,

548 2220 709 2286 Militibus
724 2221 846 2286 Christi
861 2233 1064 2307 torquentem
1078 2223 1147 2306 pila
1161 2220 1268 2307 piacli,

549 2325 631 2397 Quae
647 2325 823 2405 glomerare
838 2324 947 2388 studet
960 2333 1094 2388 ventosa
1106 2323 1218 2388 fraude
1233 2324 1406 2408 maniplos,

549 2426 595 2488 Et
610 2424 752 2506 graditur
766 2445 893 2508 semper
905 2424 989 2488 fastu
1004 2425 1156 2490 comitata
1170 2427 1322 2509 maligno,

547 2527 637 2590 Dum
651 2525 792 2609 pedibus
805 2524 911 2608 pergit
923 2544 983 2608 per
998 2523 1110 2588 mundi
1125 2523 1259 2590 crimina
1274 2524 1384 2600 fallax,

551 2627 617 2691 Sed
632 2627 764 2692 cristata
778 2637 876 2709 caput
889 2637 1020 2709 quassat
1035 2627 1096 2688 sub
1111 2626 1254 2690 nubibus
1269 2627 1354 2692 atris.

550 2730 637 2794 Nam
652 2730 842 2813 plerumque
856 2729 977 2810 probos
994 2728 1130 2811 propriis
1145 2736 1343 2812 prosternere
1357 2730 1429 2793 talis

551 2830 684 2906 Nititur,
698 2838 731 2893 et
745 2838 867 2911 strages
882 2828 997 2891 alienis
1011 2827 1135 2893 factitat
1150 2828 1256 2893 armis

549 2931 703 2995 Nascitur
717 2940 785 2995 atra
798 2930 904 2994 frutex
920 2950 964 2993 ex
981 2930 1044 2993 ista
1056 2930 1164 2995 radice
1180 2930 1346 3010 frondens,

552 3032 598 3095 Et
611 3052 726 3095 nemus
741 3032 927 3095 umbrosum
943 3029 1012 3094 diro
1027 3030 1068 3095 de
1084 3032 1206 3097 semine
1221 3033 1331 3115 surgit

552 3132 659 3196 Primo
674 3142 879 3216 contemptus
892 3152 1062 3216 procerum
1076 3144 1240 3218 praecepta
1254 3134 1439 3212 docentum,

553 3233 641 3297 Dum
656 3234 774 3299 mentis
788 3232 909 3317 typhus
923 3240 1057 3297 ventoso
1072 3246 1204 3317 pectore
1218 3244 1333 3318 turget,

555 3335 627 3401 Nee
641 3356 706 3398 non
720 3334 852 3399 invidiae
867 3334 969 3417 pestis
984 3336 1186 3419 progignitur
1199 3336 1286 3415 inde,

454 3500 461 3509 ,
555 3437 637 3509 Quae
650 3437 732 3500 solet
746 3436 887 3519 aequales
902 3436 1027 3501 tumido
1042 3447 1249 3503 contemnere
1265 3439 1360 3517 sasas,

555 3539 664 3620 Atque
679 3537 870 3601 satellitibus
885 3539 1002 3620 spretis
1015 3558 1145 3622 regnare
1160 3541 1309 3624 superba.

557 3638 707 3722 Namque
722 3658 781 3721 per
795 3636 949 3701 invidiam
965 3638 1098 3703 lethalia
1108 3650 1236 3723 sceptra
1250 3641 1415 3722 vigebant,

559 3740 648 3804 Dum
663 3738 773 3823 prmdo
787 3740 900 3823 pellax
914 3749 948 3802 et
962 3748 1051 3805 tetrae
1065 3741 1175 3806 mortis
1190 3752 1323 3821 amator,

559 3844 732 3907 Auctorem
748 3840 876 3922 generis
891 3840 1025 3923 stropha
1039 3842 1175 3927 pellexit
1189 3843 1289 3918 inani,

559 3942 734 4009 Scanderet
748 3941 790 4006 ad
805 3962 938 4026 superas
952 3962 1042 4007 arces
1057 3964 1098 4007 ne
1114 3945 1209 4009 turbs
1222 3954 1389 4027 nepotum.

560 4047 615 4112 Sic
631 4066 759 4131 quoque
772 4044 882 4108 livoris
896 4045 973 4109 tabo
989 4054 1157 4129 corruptus
1171 4047 1298 4124 inormi,

561 4146 743 4232 Splendida
756 4147 898 4229 germani
913 4145 1051 4231 disrupit
1065 4146 1186 4213 fmdera
1201 4148 1304 4227 stater,

561 4253 700 4336 Pinguia
714 4252 771 4336 qui
785 4252 907 4336 primus
921 4254 1143 4319 combusserat
1156 4266 1233 4319 exta
1246 4252 1427 4335 bidentum,

564 4356 773 4439 Despiciente
789 4356 861 4419 Deo
875 4355 1014 4421 crudelis
1029 4377 1160 4421 munera
1174 4357 1266 4422 Cain.

564 4454 647 4519 Inde
660 4474 759 4537 prora
774 4476 866 4537 seges
881 4457 1014 4537 gliribus
1029 4456 1190 4522 densescit
1205 4458 1341 4536 acerbis,
