3759 5425
471 709 512 770 Μ
824 725 1043 772 s.ssnsstu1
1060 725 1161 772 trusa

470 897 598 960 quaque
612 876 787 941 duruerunt
801 880 967 942 verbomm
983 879 1146 962 gressibus
1160 875 1315 960 gradatim
1331 877 1523 958 spaciantes,

470 980 513 1044 sb
527 978 649 1043 eisdem
668 981 902 1064 pulcherrimos
920 982 1089 1066 pudicitie
1110 981 1206 1044 flores
1225 973 1375 1044 soelieiter
1392 999 1522 1062 carpere

470 1081 711 1147 contendamus.
756 1085 922 1157 Quatenus
935 1095 1063 1148 aeterum
1077 1081 1286 1148 beatitudinis
1299 1102 1451 1146 coronam
1464 1082 1524 1145 illo

470 1184 647 1248 clementer
665 1182 898 1249 adminiculum
912 1186 1084 1268 patrocinii
1098 1191 1281 1269 prestante,
1297 1183 1352 1265 qui
1367 1183 1457 1265 virgo
1478 1203 1523 1246 ex

470 1285 603 1366 virgime
627 1287 699 1348 alvo
722 1288 875 1361 nascitur,
898 1297 931 1350 et
952 1286 1141 1371 protoplasti
1164 1285 1294 1370 piacula
1314 1284 1469 1367 expiarit,
1489 1293 1524 1347 et

470 1385 569 1448 totius
596 1383 710 1448 mnndi
738 1397 855 1450 statum
881 1387 1060 1470 profligatis
1085 1386 1287 1449 tenebrarum
1316 1384 1523 1468 principibus

470 1486 589 1563 beavit,
602 1487 819 1551 inextricabili
840 1489 963 1571 plectro
985 1489 1177 1572 plumemus,
1198 1496 1232 1550 et
1251 1483 1522 1570 quemadmodum

471 1587 597 1671 pridem
613 1608 655 1650 ex
677 1599 813 1672 utroque
828 1600 1089 1652 testamentorum
1109 1601 1219 1654 tenore
1233 1587 1424 1671 principalis
1444 1587 1523 1652 tanti

471 1708 572 1750 sexus
585 1687 737 1769 exempla
759 1686 897 1750 castitati
912 1687 1123 1768 congruentia
1143 1685 1374 1768 congessimus,
1388 1685 1442 1750 cui
1465 1705 1523 1768 pn·

471 1789 630 1852 tissimum
645 1810 712 1872 prta
726 1789 851 1852 caeteris
862 1789 1012 1852 virtutum
1029 1789 1273 1853 charismatibus
1282 1786 1435 1870 virginale
1451 1807 1523 1871 pro·

471 1890 612 1973 posimm
634 1891 763 1973 superui
781 1890 861 1954 atria
879 1891 1022 1973 paradisi
1041 1900 1075 1954 et
1094 1891 1236 1954 erslestis
1256 1889 1346 1971 regni
1366 1889 1525 1956 vestibula

471 1991 636 2075 patefecit,
657 1990 773 2055 eodem
793 1991 891 2054 modo
912 1992 947 2054 in
969 1991 1128 2056 foeminini
1147 2010 1246 2056 sexus
1265 1989 1426 2074 prosapia,
1440 1991 1524 2054 sicut

469 2092 553 2155 infra
588 2093 818 2177 experimentis
853 2093 1132 2176 adstipulabimur‚
1161 2093 1321 2156 uberrima
1356 2091 1524 2176 pudicitiae

473 2193 668 2256 documenta
681 2195 813 2259 solerter
825 2197 995 2259 enucleare
1010 2195 1158 2260 nitamur.

514 2295 568 2358 En
579 2306 719 2378 utsupra
732 2295 900 2358 retulimus
907 2296 1004 2359 beata
1015 2296 1130 2373 Maria,
1140 2295 1229 2377 virgo
1240 2303 1405 2378 perpetua,
1413 2294 1525 2360 hortus

475 2395 657 2471 conclusus,
680 2399 752 2458 sons
775 2395 929 2476 signatus,
954 2397 1076 2477 virgula
1105 2395 1243 2460 radicis:
1282 2397 1404 2460 Gerula
1426 2397 1526 2476 floris,

473 2514 587 2559 aurora
597 2495 684 2571 solis,
693 2515 791 2558 nnnrs
803 2496 914 2578 patris,
923 2497 1070 2576 genetrix
1086 2507 1118 2560 et
1131 2517 1279 2579 germana
1295 2496 1354 2560 filii
1365 2497 1526 2582 simulque

474 2617 594 2680 sponsa
617 2617 656 2660 ac
680 2596 772 2660 foelix
794 2599 975 2674 vernacula,
997 2609 1180 2662 sanctarum
1204 2617 1315 2662 socrus
1337 2598 1526 2678 animarum,

474 2720 684 2784 supernorum
705 2700 817 2783 regina
835 2699 966 2777 civium,
984 2701 1134 2764 columba
1155 2700 1237 2765 inter
1256 2699 1327 2764 LX.
1347 2700 1474 2782 reginas
1493 2712 1528 2769 et

473 2800 526 2865 bis
547 2802 769 2886 quadragenas
789 2801 934 2885 pellices,
953 2812 1084 2886 propter
1105 2822 1246 2884 perenne
1265 2801 1412 2885 puritatis
1429 2802 1526 2886 priri-

474 2904 606 2985 legium,
635 2901 779 2966 obsidem
809 2902 934 2979 sarculi,
963 2902 1168 2965 monarcham
1200 2902 1324 2981 mundi,
1354 2904 1526 2969 Rectorem

475 3008 554 3092 poli,
568 3006 801 3089 redemptorem
816 3006 889 3082 soli,
898 3005 1092 3087 archangelo
1106 3006 1351 3088 pronunciante,
1361 3006 1528 3071 Paracleto

475 3109 696 3183 obumbrante,
710 3104 896 3187 precordiis
917 3105 1178 3189 tripudiantibus,
1192 3106 1342 3171 faeliciter
1363 3106 1527 3192 suscipere

475 3208 599 3271 meruit
642 3208 763 3271 Verum
785 3208 864 3271 mihi
885 3208 926 3271 de
941 3210 1054 3273 Mariae
1074 3220 1231 3293 perpetua
1247 3210 1438 3292 virginitate,
1452 3232 1527 3295 quse

475 3324 550 3375 ante
571 3309 654 3372 sacri
672 3309 827 3371 sermonis
845 3312 1084 3393 receptaculum
1100 3311 1189 3394 virgo
1210 3311 1393 3375 favorabilis
1407 3313 1526 3389 extitit,

475 3424 509 3478 et
536 3423 612 3497 post
632 3412 772 3476 coelestis
799 3412 958 3495 puerperii
987 3413 1187 3495 praeconium
1209 3412 1299 3495 rirgo
1328 3415 1529 3481 favorabilior

475 3513 664 3599 permansit,
680 3512 815 3575 sollicite
836 3514 988 3575 scribenti
1008 3524 1140 3596 repente
1161 3513 1202 3578 ad
1222 3515 1407 3579 memoriam
1422 3515 1527 3594 rediit,

476 3615 648 3692 Quomodo
677 3614 803 3679 Cecilia
831 3615 921 3696 virgo
951 3614 1167 3680 sacratissima
1195 3615 1323 3679 indulta
1346 3616 1529 3701 jugalitatis

475 3717 646 3795 consortia,
668 3736 707 3781 ac
731 3726 829 3799 pacta
850 3715 938 3798 proci
962 3716 1126 3797 sponsalia
1147 3717 1282 3781 obtentu
1305 3718 1457 3782 castitatis
1478 3740 1527 3783 re·

475 3822 593 3897 ditans,
630 3820 717 3882 velut
753 3839 870 3900 spurca
904 3817 1089 3880 latrinarum
1125 3828 1336 3901 purgamenta
1370 3818 1529 3883 laudabili

475 3925 605 4008 spiritus
627 3923 746 3985 {errore
775 3919 1013 4002 contempserit,
1042 3918 1229 4004 dispexerit,
1257 3920 1422 4003 respuerit,
1451 3938 1526 4001 quas

473 4024 553 4087 li'cct
580 4022 731 4105 organica
760 4023 812 4086 bis
841 4021 1081 4106 quinquagenis
1106 4030 1139 4085 et
1166 4033 1214 4085 ter
1242 4022 1350 4106 quinis
1375 4040 1528 4086 sonorum

474 4126 609 4190 vocibus
634 4135 844 4207 concreparet
868 4122 1044 4199 harmonia,
1067 4144 1104 4185 ac
1128 4123 1155 4185 si
1177 4122 1317 4186 letiferos
1343 4142 1526 4206 syrenarum

411 4228 415 4234 ’
475 4235 653 4290 concentus
673 4244 747 4287 eum
769 4222 956 4305 inexpertos
978 4242 1124 4307 quosque
1147 4222 1275 4286 advitae
1294 4223 1439 4306 pericula
1457 4223 1526 4305 pel·

473 4326 624 4401 lexerint‚
643 4325 704 4386 sub
726 4335 885 4407 praetextu
904 4322 1097 4403 integritatis
1120 4324 1224 4387 surdis
1246 4326 1377 4389 auribus
1396 4323 1527 4387 auscul-

475 4426 573 4489 tabat.
632 4424 848 4495 Quamobrem
884 4444 1020 4508 procum
1049 4424 1226 4507 proprium,
1255 4436 1289 4488 et
1321 4425 1471 4501 iirturum,
1498 4423 1528 4489 si

474 4524 661 4609 virginitatis
683 4522 807 4588 fortuna
827 4534 1001 4608 pateretur,
1021 4526 1167 4605 levirum,
1185 4546 1204 4589 a
1228 4526 1450 4609 superstitiosa
1470 4526 1526 4591 de-
