3759 5425
391 787 398 801 ·
517 768 580 829 878
742 779 816 826 vrri
832 768 1007 822 sinuetur
1024 774 1157 822 roureto
1171 778 1341 824 nucroas.

515 934 597 997 Mox
613 942 649 993 ut
672 938 836 992 veteranus
857 928 943 990 idem
963 931 1189 993 monasterium
1212 933 1382 1013 ingranam
1403 943 1472 1011 est,
1488 934 1587 995 sensu

515 1037 620 1099 inesse
635 1030 698 1095 sibi
711 1029 841 1112 aliquod
860 1027 900 1091 da
922 1029 1137 1091 membrorum
1161 1046 1288 1113 terpora
1311 1031 1412 1115 quasi
1438 1033 1586 1093 lenitatis

515 1132 701 1197 remedium.
746 1130 951 1193 Pernoctavit
963 1129 1072 1209 igitur,
1081 1152 1175 1194 mane
1191 1131 1246 1194 die
1259 1132 1365 1195 altero
1377 1154 1581 1200 messurus.

517 1254 582 1319 quo
597 1254 671 1295 eum
693 1232 890 1313 compulerat
910 1230 1068 1294 intentio:
1095 1232 1157 1295 nisi
1178 1231 1234 1295 bic
1259 1232 1368 1309 Deus,
1391 1255 1458 1316 per
1479 1236 1582 1296 murti

518 1332 718 1399 Confessoris
733 1330 782 1394 sui
805 1330 963 1406 meritum,
978 1352 1045 1393 suae
1067 1332 1197 1414 pietatis
1220 1333 1414 1412 dignaretur
1435 1336 1580 1417 prebere

518 1431 707 1498 subsidium.
752 1430 832 1492 Erat
853 1430 938 1493 enim
961 1430 1029 1494 dies
1052 1433 1188 1495 Sabbsti
1208 1434 1242 1494 in
1260 1434 1420 1516 vesperis,
1443 1446 1482 1497 et
1501 1436 1579 1497 infin

519 1530 691 1617 supradicti
722 1530 824 1593 Patris
853 1531 994 1593 Octavus
1015 1531 1205 1595 festivitatis.
1250 1534 1353 1595 Mane
1377 1545 1495 1597 autem
1509 1535 1576 1618 jam

518 1634 613 1707 facto,
644 1642 676 1694 et
705 1630 782 1693 solis
812 1630 933 1694 fervore
964 1632 1124 1709 roborato,
1151 1632 1322 1716 primaque
1351 1634 1439 1697 hora
1469 1635 1536 1697 diei
1563 1660 1580 1695 a

520 1734 765 1817 congregatione
786 1733 931 1795 Fratrum
951 1732 1073 1796 ibidem
1095 1736 1364 1798 commorantium
1387 1736 1577 1809 decantata

520 1855 592 1899 cum
603 1833 671 1918 jam
694 1842 927 1916 praepararetur
947 1834 1111 1915 processio
1132 1834 1166 1896 in
1189 1834 1335 1911 eborum,
1351 1857 1433 1898 curn
1458 1839 1579 1899 caeteris

520 1935 693 2019 procedere
708 1932 899 2010 volentibus,
915 1933 1007 2016 sequi
1027 1941 1064 1995 ut
1081 1934 1197 2016 potuit,
1212 1934 1301 1997 venit
1318 1932 1498 1997 infirmus:
1528 1938 1577 1997 ubi

518 2033 641 2097 tamdiu
669 2031 791 2095 orando
815 2032 931 2115 jacuit,
953 2032 1057 2096 donec
1084 2054 1171 2096 more
1192 2034 1291 2096 solito
1314 2054 1379 2116 per
1402 2037 1574 2097 claustrum·

519 2132 728 2213 officinasque
757 2142 914 2213 pergeret,
944 2152 983 2194 ac
1012 2130 1099 2194 unde
1127 2133 1210 2196 ierat
1241 2146 1402 2196 remearet
1434 2137 1575 2197 Fratrum

519 2226 733 2311 congregatio.
787 2230 949 2293 Cantante
977 2241 1082 2293 autem
1112 2232 1341 2294 monachorum
1373 2244 1521 2306 caterva,
1547 2250 1574 2297 et

520 2329 724 2395 multitudiue
738 2328 847 2391 laicali
862 2328 1028 2405 adstante3
1050 2329 1159 2393 divina
1174 2331 1311 2395 claudus
1333 2353 1418 2395 mox
1440 2346 1574 2397 attacus

522 2433 652 2516 pietate,
667 2445 798 2513 stupore
820 2450 937 2513 magno
960 2432 1054 2513 quasi
1075 2444 1166 2495 extra
1186 2453 1222 2494 se
1237 2432 1352 2508 factus,
1377 2434 1422 2498 de
1446 2438 1524 2499 loco
1545 2440 1572 2497 iu

523 2554 589 2617 quo
597 2533 728 2615 jacebat
742 2529 846 2595 exiliit
864 2554 973 2610 sanus,
987 2555 1025 2596 ao
1047 2534 1074 2597 si
1095 2534 1184 2597 nulla
1205 2554 1349 2617 unquam
1364 2538 1519 2619 corporis
1531 2540 1574 2599 sui

523 2634 675 2697 sensisset
686 2632 892 2697 detrimenta:
909 2644 1005 2718 atque
1017 2632 1060 2696 sd
1071 2634 1264 2697 sanctissimi
1275 2636 1571 2718 corporisturnban

524 2735 672 2810 accurrit,
700 2745 737 2798 ut
765 2735 1064 2819 quantulascunque
1092 2746 1202 2819 posset
1231 2737 1303 2798 Deo
1327 2737 1363 2798 iu
1391 2759 1491 2802 servo
1521 2763 1573 2802 suo

524 2836 643 2919 gratias
671 2838 807 2900 referret.
853 2837 926 2908 Quo
956 2837 1037 2911 viso,
1068 2859 1180 2901 omnes
1209 2839 1264 2922 qui
1291 2839 1487 2918 intererant,
1519 2844 1573 2905 Dei

525 2937 765 3020 Omnipotentis
780 2937 835 3019 qui
852 2936 965 2999 Sancti
979 2938 1030 2999 sui
1046 2955 1143 3021 prece
1165 2938 1242 3000 talia
1261 2939 1392 3016 fecerat,
1408 2942 1574 3006 laudarunt

524 3037 694 3119 magnalia.
726 3039 760 3100 Is
771 3059 846 3100 vero
856 3037 912 3119 qui
921 3036 1066 3102 sanitatis
1076 3037 1123 3100 ita
1136 3037 1254 3101 habitae
1264 3040 1418 3102 utebatur
1426 3043 1575 3117 remedio,

526 3138 635 3202 multis
649 3137 848 3220 temporibus
864 3137 905 3200 ad
919 3137 1066 3222 ejusdem
1083 3138 1193 3201 Sancti
1208 3138 1335 3201 laudem
1351 3139 1385 3201 in
1411 3163 1453 3203 eo
1468 3142 1574 3224 deguit

526 3239 738 3302 monasterio:
771 3249 804 3302 et
824 3236 930 3301 adhuc
957 3238 1029 3302 istic
1051 3251 1223 3322 supersunt
1243 3240 1336 3302 multi
1360 3239 1523 3322 degentes
1545 3247 1573 3306 in

526 3339 704 3403 monastico
718 3339 841 3416 habitu,
856 3340 913 3421 qui
928 3359 1001 3402 eum
1016 3339 1103 3422 prius
1117 3351 1149 3403 et
1170 3351 1283 3424 postea
1296 3342 1380 3405 bene
1397 3362 1572 3406 noverunt:

528 3441 647 3525 quibus
656 3441 843 3504 relatoribus
851 3459 911 3503 nos
922 3441 984 3502 ista
992 3439 1179 3521 scripsimus
1190 3440 1231 3502 de
1240 3462 1290 3518 eo,
1299 3440 1340 3504 ad
1349 3441 1576 3527 Redemptoris

527 3540 628 3604 nostri
642 3541 776 3622 gloriam
792 3552 889 3624 atque
903 3540 1013 3604 Sancti
1027 3541 1096 3624 ejus
1109 3539 1306 3604 laudabilem
1323 3544 1521 3608 memoriam.

573 3641 733 3704 lateralia
743 3641 992 3724 nonnulla,quae
1007 3661 1065 3723 pro
1076 3640 1158 3703 servi
1170 3641 1219 3703 sui
1232 3640 1352 3704 meritis
1363 3643 1574 3726 Omnipotens

530 3742 620 3805 Deus
633 3740 785 3824 patefecit
798 3739 971 3803 reverenda
984 3761 1091 3824 opera,
1101 3739 1263 3822 quoddam
1275 3740 1463 3805 admirabile
1478 3743 1575 3820 dictu,

530 3841 618 3926 quod
629 3842 783 3924 sequitur,
795 3841 841 3903 ibi
853 3849 1016 3904 ostensum
1032 3850 1081 3904 est
1091 3841 1288 3904 miraculum.
1310 3841 1476 3924 Tempore
1486 3845 1575 3926 primi

529 3941 686 4005 Willelmi
701 3941 876 4023 Anglorum
891 3939 1100 4003 strenuissimi
1120 3940 1231 4022 Regis,
1245 3953 1343 4024 atque
1360 3941 1498 4005 Warrini
1513 3946 1573 4006 Ab

530 4042 614 4106 batis
629 4040 766 4104 eandem
781 4042 964 4104 Ecclesiam
979 4042 1117 4123 regulari
1130 4040 1346 4104 moderamine
1360 4043 1573 4122 gubernantis.

530 4144 565 4205 in
595 4140 731 4226 quadam
760 4141 868 4203 insula
896 4161 969 4225 quie
1000 4140 1172 4204 Wichland
1200 4142 1336 4221 Anglice
1364 4157 1573 4226 nuncupatur,

530 4240 663 4324 quidam
692 4241 832 4324 piscator
856 4242 1047 4315 morabatur,
1072 4243 1129 4325 qui
1151 4243 1350 4305 necessitatis
1375 4265 1445 4305 sure
1470 4245 1572 4329 inopia

531 4353 673 4420 coactus,
682 4343 824 4424 quotidie
836 4361 893 4424 per
904 4362 1031 4424 equora
1040 4342 1197 4424 piscando
1207 4343 1371 4406 laborabat
1376 4365 1387 4418 ς
1406 4355 1441 4406 et
1450 4347 1572 4408 marinis

532 4443 682 4524 periculis
697 4463 782 4524 saepe
797 4463 831 4504 se
846 4440 1031 4522 ingerendo,
1042 4463 1139 4506 manu
1151 4454 1183 4505 et
1197 4455 1263 4506 arte
1272 4443 1392 4505 victum
1403 4449 1568 4526 quaerebat.

532 4539 678 4606 Quadam
689 4561 762 4600 vero
774 4541 836 4613 dic,
845 4562 883 4600 eo
896 4562 953 4620 per
964 4562 1047 4602 mare
1057 4554 1200 4622 vagante,
1212 4545 1377 4606 confestim
1390 4564 1435 4606 ex
1447 4545 1570 4609 adversa
