3759 5425
469 686 531 745 284
750 700 907 749 nrrsrons
925 702 968 747 nn
983 700 1161 764 acmcrnn,
1176 702 1248 748 arc.

468 849 564 922 Quod
576 849 603 913 si
615 851 700 915 nitor
709 873 828 917 nomen
840 854 946 934 fuerit,
955 855 1159 941 pyrrhichius
1169 855 1243 932 erit;
1260 863 1296 918 ut
1309 852 1399 917 idem
1410 860 1522 935 poeta:
1646 843 1648 852 ’

608 957 677 1020 Quis
688 956 739 1010 fuit
749 956 794 1011 ille
804 959 871 1013 nitor
884 958 996 1013 Marisa?

466 1054 512 1117 Et
525 1053 679 1134 Virgilius
693 1055 787 1134 libro,
802 1056 857 1139 qui
872 1056 1071 1141 pedagogus
1085 1056 1312 1141 pretitulatnr:

608 1162 744 1216 Reddetur
756 1162 847 1217 titulus
858 1182 1049 1236 purpureusque
1060 1166 1137 1217 nitor.

465 1256 532 1321 Sed
553 1256 607 1321 hic
631 1278 740 1323 versus
761 1280 829 1323 non
850 1260 895 1324 ita
916 1260 1121 1326 scandendus
1142 1270 1203 1337 est,
1216 1270 1254 1324 ut
1274 1259 1423 1323 beroicus
1441 1258 1523 1342 qnia
1646 1303 1648 1366 p

465 1358 627 1441 colophon
649 1358 682 1422 in
703 1357 811 1423 medio
833 1370 866 1423 et
886 1360 952 1425 fine
973 1362 1137 1440 retinetur,
1150 1363 1252 1439 labor,
1265 1360 1381 1444 liquor,
1395 1380 1521 1433 vescor,

464 1479 589 1536 causor,
602 1460 717 1540 tristor,
736 1470 844 1540 testor,
863 1482 997 1541 mercor,
1016 1463 1122 1539 rimor,
1136 1463 1255 1545 piscor,
1274 1472 1386 1539 metor,
1400 1472 1520 1543 grator,

464 1560 582 1644 ringor,
604 1562 710 1638 miror,
732 1561 872 1640 frustror,
894 1584 1029 1644 grassor.
1074 1564 1248 1649 Participia
1268 1563 1413 1628 similiter
1434 1583 1518 1647 pne-
1641 1551 1644 1638 l

464 1663 547 1727 teriti
577 1662 730 1745 temporis
758 1661 917 1727 interdum
951 1664 1116 1728 trochaico
1150 1664 1228 1749 pedi
1257 1672 1450 1746 congruunt,
1479 1674 1517 1727 nt
1641 1711 1644 1777 1

462 1762 582 1842 dictus,
609 1766 724 1843 lectus,
753 1774 877 1848 captus,
904 1774 1026 1849 raptus,
1051 1766 1200 1849 scriptus,
1229 1778 1351 1839 tensus,
1380 1785 1516 1841 mersum

462 1866 578 1943 flexus,
592 1885 705 1941 vexus,
719 1882 833 1927 nexus.
879 1864 965 1928 Nam
986 1864 1158 1947 praesentia
1177 1876 1210 1929 et
1227 1867 1331 1929 sutrim
1350 1864 1513 1946 significa·
1642 1885 1644 1904 ι

461 1966 583 2029 tionum
607 1964 778 2048 participia
799 1963 841 2029 ad
863 1965 1037 2029 trochaeum
1058 1967 1261 2050 pertinentia,
1275 1967 1310 2029 ni
1329 1966 1432 2046 fallor,
1445 1988 1512 2029 non

462 2064 575 2147 reperi.

503 2166 545 2228 l).
561 2165 733 2230 'I'rochaici
748 2166 849 2251 pedes
864 2188 928 2252 quo
944 2177 1053 2232 tenore
1066 2167 1223 2252 quibusve
1234 2168 1423 2234 accentibus
1436 2188 1511 2251 pro·

459 2266 635 2331 nunciandi
651 2270 745 2332 sunt?
762 2289 819 2331 sen
834 2268 913 2333 arsis
928 2280 961 2333 et
975 2269 1076 2332 thesis
1090 2290 1155 2352 qna
1169 2268 1360 2332 divisionum
1375 2270 1511 2333 formula

460 2360 661 2448 dirimrmtur,
683 2378 716 2432 et
737 2369 854 2453 quibus
875 2380 1056 2456 temporum
1082 2371 1231 2434 lancibus
1251 2370 1444 2435 trutinantur
1451 2371 1509 2431 l-

1608 334 1634 764 l

459 2471 508 2533 Μ.
524 2470 558 2533 Si
573 2470 734 2535 trochaeus
749 2470 901 2551 extiterit,
912 2483 1008 2536 acuto
1023 2484 1161 2536 accentu
1174 2472 1342 2555 profertur,
1352 2483 1389 2535 nt
1402 2473 1508 2555 lappa,

458 2591 587 2655 mappa,
607 2583 714 2655 napta,
729 2572 839 2648 cirrus,
854 2572 971 2651 birrus,
981 2574 1107 2650 burrus,
1118 2573 1240 2651 barrus,
1250 2574 1374 2655 poples,
1385 2591 1508 2655 cespes

458 2670 494 2736 Si
509 2691 581 2735 vero
601 2683 715 2738 natura
733 2672 826 2738 litera
845 2673 1042 2758 producitur,
1058 2673 1267 2738 circumflexo
1285 2688 1423 2738 accentu
1436 2692 1508 2757 pro-

456 2775 601 2839 nunciari
624 2776 678 2838 lex
701 2774 834 2838 metrica
856 2776 975 2839 sanxit.
1019 2775 1110 2838 Arsia
1131 2797 1206 2838 vero
1227 2775 1343 2859 recipit
1363 2785 1508 2858 tempora

456 2876 531 2955 duo,
556 2889 590 2942 et
613 2878 713 2942 thesis
740 2899 852 2956 unum,
878 2888 914 2942 nt
938 2879 1059 2956 fanum,
1085 2879 1219 2956 frenum,
1241 2898 1385 2959 granum,
1406 2877 1507 2953 bubo,

454 2979 544 3058 bulo,
558 2979 655 3056 tufus,
670 2979 777 3057 tubus,
791 2979 894 3057 limes,
910 2979 1022 3063 stipes,
1036 2999 1150 3042 remes.

745 3155 768 3160 ..
792 3159 807 3165 ,-
859 3081 911 3143 De
927 3079 1099 3144 tribracho

498 3181 540 3244 D.
567 3181 738 3263 Expositis
760 3182 1010 3267 dissyllaborum
1036 3182 1156 3266 pedum
1177 3183 1309 3264 regulis,
1324 3182 1395 3267 jam
1419 3203 1506 3247 nnnc

452 3279 599 3364 pedester
609 3278 767 3363 deposcit,
776 3293 812 3346 ut
822 3282 1004 3366 trisyllabos
1017 3281 1119 3367 pedes
1127 3281 1225 3366 juxta
1238 3281 1502 3364 pollicitationem

451 3383 576 3467 prologi
587 3381 866 3467 patefacias-M.
878 3382 926 3445 Hi
937 3392 1012 3445 sunt
1022 3381 1177 3445 tribrachi
1187 3401 1230 3444 ex
1242 3380 1343 3444 tribus
1353 3383 1505 3445 brevibus

453 3485 569 3549 Graece
592 3484 637 3548 sic
660 3483 848 3567 nuncupati,
867 3484 980 3567 primae
1003 3481 1239 3559 declinationis,
1253 3483 1371 3555 anima,
1387 3482 1504 3567 aquila,

450 3585 576 3672 pedica,
590 3587 695 3669 palea,
709 3585 832 3663 tonina,
842 3585 979 3663 macula,
992 3583 1120 3661 famula,
1129 3592 1251 3667 patera,
1261 3581 1390 3661 hedera,
1403 3582 1504 3662 ulula,

451 3689 552 3770 galea,
563 3690 715 3769 lacryma,
727 3686 816 3764 Asia,
828 3685 943 3768 Libya.
974 3686 1056 3748 Item
1073 3683 1113 3747 de
1128 3683 1272 3747 secunda
1285 3683 1502 3749 declinatione

449 3797 515 3850 tam
531 3788 707 3852 masculina
722 3809 818 3870 qnam
838 3787 997 3851 neutralia
1009 3785 1142 3850 nomina
1160 3784 1202 3849 ad
1221 3784 1416 3849 tribrachum
1430 3806 1502 3868 per·

451 3887 596 3965 tinentia,
632 3885 793 3965 dominus,
829 3886 948 3966 radius,
985 3886 1122 3962 catulus,
1158 3885 1304 3968 capulus,
1338 3886 1502 3968 quenrlns,

449 3987 579 4066 licinus,
593 3998 722 4072 puteus,
732 3987 879 4070 pavidus,
890 3988 1031 4071 patulus,
1040 3987 1219 4070 Zephyrus,
1230 3985 1350 4060 socius,
1364 3984 1502 4064 medina,

449 4087 605 4168 medicus,
626 4110 789 4167 numerus,
810 4088 933 4168 rutilus,
953 4087 1113 4172 placidus,
1132 4087 1255 4165 titulus,
1271 4087 1411 4165 loculus,
1428 4107 1498 4149 mo·

449 4190 556 4268 dulus,
581 4188 736 4268 modicus,
760 4190 903 4266 bibulus,
926 4189 1064 4270 gerulus,
1088 4189 1237 4270 gemitus,
1261 4187 1415 4260 fremitus,
1439 4185 1499 4249 hu·

448 4311 563 4368 merus,
578 4293 737 4375 platanus,
752 4289 904 4368 tumidus,
919 4289 1088 4366 thalamus,
1099 4288 1229 4368 fluvius,
1238 4297 1359 4365 uterus,
1373 4286 1499 4365 oculus,

448 4393 607 4468 cumulus,
622 4391 755 4470 solidus,
770 4389 917 4470 stolidus,
937 4389 1095 4475 stupidus,
1114 4389 1247 4472 rigidus,
1265 4386 1401 4464 calidus,
1418 4389 1497 4452 vali·

448 4493 520 4571 dus,
542 4492 657 4570 varius,
682 4493 832 4570 monitus,
858 4493 993 4570 sonitus,
1015 4490 1152 4573 gelidus,
1178 4487 1333 4573 trepidus,
1356 4485 1499 4566 timidus,
