3759 5425
929 1215 1229 1297 Epistola
1278 1210 1473 1273 Beati
1525 1209 1849 1271 Aldhelmi
1900 1210 2212 1272 Praesulis
2268 1210 2348 1271 de
2391 1208 2698 1273 libertate
2733 1214 3028 1293 propriae

1012 1314 1361 1388 electionis,
1387 1309 1677 1373 omn-ibus
1720 1309 2329 1391 conqmyationibm
2369 1332 2687 1386 concessa,
2725 1312 2850 1375 sub
2889 1314 3029 1395 ejus

1013 1416 1325 1497 reqimine
1354 1413 1740 1474 constitutis.

943 1584 1251 1655 [Bregistro
1262 1577 1823 1634 Manum-abbat
1850 1576 2980 1648 ειοειριινὶᾱ.Α1Ῑ.Αωιιὶ.Εω.Αης.ὶὶ451
2995 1583 3034 1652 ‚1

1921 1769 2129 1832 IHIL
2175 1769 2244 1831 in
2298 1769 2421 1832 hoc
2487 1772 2726 1833 saeculo
2783 1772 3046 1855 prolixa

1383 1925 1500 1953 „4-
1571 1926 1622 1955 ξ
1735 1915 1761 1921 ff.
1786 1909 1810 1942 ff,
1921 1868 2226 1934 felicitate
2268 1870 2513 1948 fruitur,
2542 1872 2708 1934 nihil
2739 1871 3046 1936 diuturna

1125 1991 1179 2016 ·-
1357 2013 1363 2021 ·
1421 2026 1442 2037 ,
1490 1989 1522 2009 ‘¹‘
1586 2021 1592 2029 .
1810 2013 1821 2054 7,
1922 1968 3041 2057 dominationepotiturznibil,quod

1369 2062 1387 2070 ἡ
1758 2049 1790 2088 ”¹²
1814 2105 1843 2145 ι,
1920 2090 2055 2131 ιιοιι
2086 2067 2168 2131 ad
2196 2069 2452 2133 fatalem
2483 2071 2630 2133 vitae
2670 2073 3041 2148 terminum,

1427 2221 1440 2229 ff
1470 2234 1485 2257 ,q
1530 2237 1534 2245 ,
1626 2182 1646 2228 ’.
1686 2167 1710 2221 ἦ
1734 2177 1766 2194 ·“
1923 2168 2131 2232 veloci
2174 2189 2388 2246 cursu,
2425 2170 2688 2234 tendere
2731 2173 3041 2238 videatur.

1697 2254 1738 2313 ³⁸
1822 2322 1826 2329 .
1923 2271 2013 2333 Et
2041 2269 2188 2332 ideo
2217 2270 2312 2333 sic
2342 2271 2533 2334 nobis
2573 2272 3040 2337 mundanarum

1925 2391 2130 2434 rerum
2203 2372 2585 2453 patrimonia
2658 2386 2814 2436 sunt
2897 2397 3043 2459 per-

1923 2469 2211 2547 fruenda,
2251 2482 2324 2533 ut
2365 2481 2579 2535 tamen
2623 2483 2881 2537 aeternae
2927 2496 3040 2560 pa-

1630 2617 1633 2618 r
1666 2617 1668 2619 >
1759 2483 1884 2655 Q
1922 2570 2056 2633 triae
2160 2570 2608 2635 emolumentis
2710 2594 3040 2657 nunquam

1142 2714 1203 2726 -
1782 2656 1794 2686 k
1921 2670 2372 2735 fraudaremur.
2461 2672 2641 2738 Hinc
2692 2686 2792 2737 est
2846 2675 3046 2752 enim,

936 2777 1114 2862 quod
1156 2797 1275 2859 ego
1318 2771 1722 2849 Aldhelmus,
1751 2783 2095 2854 postquam
2136 2793 2240 2836 me
2279 2772 2687 2852 immeritum,
2715 2775 3046 2860 nullisque

936 2876 1282 2962 praedignis
1334 2871 1622 2935 moribus
1681 2873 2193 2955 comprobatum,
2241 2872 2313 2935 in
2364 2872 2790 2937 Pontificatus
2841 2876 3040 2938 officii

936 2975 1175 3052 sedem,
1233 2973 1453 3035 divina
1510 2971 1711 3052 gratia
1779 2972 2354 3047 subthronizasset,
2425 2974 2730 3056 proposui
2804 2996 3044 3038 arcano

937 3074 1169 3138 mentis
1207 3092 1368 3135 meoe
1414 3073 1670 3149 affectu,
1708 3082 1783 3135 ut
1818 3072 2224 3135 monasteriis
2265 3072 2448 3150 meis,
2476 3073 3041 3156 Maildunesburg,

936 3177 1185 3250 Frome,
1216 3169 1640 3250 Bradanford,
1670 3173 1907 3257 quibus
1940 3172 2324 3257 jamdudum
2353 3174 2423 3236 in
2453 3174 2730 3238 Abbatis
2769 3175 3037 3256 gradum

936 3273 1338 3346 constitutus,
1385 3272 1772 3353 suffragante
1825 3274 2132 3351 Domine,
2181 3273 2553 3355 regulariter
2600 3275 2851 3357 praefiri,
2893 3277 3038 3340 reli·

936 3377 1186 3460 giosum
1219 3374 1556 3447 Abbatem,
1588 3394 1778 3457 quem
1812 3374 1933 3436 sibi
1965 3383 2316 3457 spontanea
2342 3374 2726 3438 familiarum
2756 3397 3040 3440 mearum

938 3476 1137 3561 opti0,
1178 3494 1465 3539 consona
1506 3494 1663 3537 voce
1710 3473 2070 3554 elegissent,
2108 3474 2425 3537 canonica
2462 3474 2808 3553 creatione,
2846 3486 3038 3560 atque

935 3576 1208 3659 regulari
1262 3575 1587 3639 sanctione
1640 3574 2117 3637 constituerent.
2209 3574 2335 3636 His
2385 3575 2751 3638 voluntariis
2805 3597 3040 3661 propo·

938 3675 1281 3741 sitionibus
1313 3675 1495 3751 meis,
1524 3674 1634 3756 pia
1662 3673 2123 3736 monachorum
2167 3692 2451 3735 meorum
2494 3674 2723 3737 restitit
2761 3677 3043 3758 pertina-

940 3779 1138 3841 citas:
1207 3788 1273 3840 et
1323 3795 1470 3839 cum
1525 3773 1649 3837 hoc
1705 3772 1932 3836 sedulo
1982 3772 2246 3856 saepius,
2288 3773 2359 3835 in
2404 3783 2726 3836 conventu
2776 3775 3041 3839 fratrum

941 3896 1247 3952 meorum,
1305 3872 1685 3937 fiducialiter
1742 3894 2117 3950 narrassem,
2174 3874 2392 3937 nullus
2462 3874 2563 3937 his
2636 3875 2802 3938 votis
2875 3878 3042 3940 meis

939 3976 1449 4063 placidissimum
1507 3975 1838 4057 praebebat
1894 3995 2245 4049 assensum,
2296 3973 2585 4038 dicentes
2641 3978 2683 4009 “
2707 3976 3039 4047 Quamdiu

940 4078 1117 4142 vitali
1168 4075 1479 4158 vegetaris
1535 4074 1785 4157 spiritu,
1834 4075 2169 4139 nobiscum
2230 4077 2565 4158 praesentis
2615 4077 2765 4139 vitae
2828 4080 3043 4143 studio

944 4179 1287 4263 deputaris,
1326 4188 1451 4239 tuoe
1491 4195 1743 4259 semper
1782 4175 2238 4240 dominationis
2272 4178 2431 4261 jugo
2469 4177 2830 4241 humillime
2876 4182 3046 4244 colla

942 4278 1217 4344 subdere
1245 4299 1376 4342 non
1409 4277 1844 4361 dedignamur.
1938 4279 2069 4342 Sed
2110 4280 2234 4342 hoc
2281 4279 2561 4363 supplici
2591 4277 3046 4364 communique

943 4391 1165 4463 rogatu
1212 4379 1647 4463 deprecamur,
1692 4378 1864 4462 quod
1911 4380 2030 4441 sub
2077 4400 2257 4443 sacra
2299 4378 2769 4462 Scripturarum
2814 4382 3044 4445 testifi-

945 4482 1215 4553 catione,
1236 4490 1299 4540 et
1329 4477 1767 4540 favorabilium
1803 4478 2075 4540 virorum
2100 4479 2269 4542 claro
2295 4499 2613 4542 consensu
2646 4482 3045 4556 corrobores,
