<?xml version="1.0" encoding="UTF-8"?>
<!DOCTYPE html PUBLIC "-//W3C//DTD XHTML 1.0 Transitional//EN"
    "http://www.w3.org/TR/xhtml1/DTD/xhtml1-transitional.dtd">
<html xmlns="http://www.w3.org/1999/xhtml" xml:lang="en" lang="en">
 <head>
  <title>
</title>
<meta http-equiv="Content-Type" content="text/html;charset=utf-8" />
  <meta name='ocr-system' content='tesseract 3.04.00' />
  <meta name='ocr-capabilities' content='ocr_page ocr_carea ocr_par ocr_line ocrx_word'/>
</head>
<body>
  <div class='ocr_page' id='page_1' title='image "./operaquextantom00aldhgoog_0319.png"; bbox 0 0 3759 5425; ppageno 0'>
   <div class='ocr_carea' id='block_1_1' title="bbox 659 712 1432 792">
    <p class='ocr_par' dir='ltr' id='par_1_1' title="bbox 659 712 1432 792">
     <span class='ocr_line' id='line_1_1' title="bbox 659 712 1432 792; baseline -0.001 -21"><span class='ocrx_word' id='word_1_1' title='bbox 659 726 816 773; x_wconf 70' lang='lat' dir='ltr'>amaron:</span> <span class='ocrx_word' id='word_1_2' title='bbox 832 728 876 773; x_wconf 84' lang='lat' dir='ltr'>an</span> <span class='ocrx_word' id='word_1_3' title='bbox 890 726 1068 783; x_wconf 78' lang='lat' dir='ltr'>scracrurr,</span> <span class='ocrx_word' id='word_1_4' title='bbox 1084 726 1172 792; x_wconf 58' lang='lat' dir='ltr'>rra,</span> <span class='ocrx_word' id='word_1_5' title='bbox 1370 712 1432 771; x_wconf 74' lang='lat'>291</span> 
     </span>
    </p>
   </div>
   <div class='ocr_carea' id='block_1_2' title="bbox 379 878 1434 2563">
    <p class='ocr_par' dir='ltr' id='par_1_2' title="bbox 381 878 1434 1168">
     <span class='ocr_line' id='line_1_2' title="bbox 426 878 1433 965; baseline 0 -22"><span class='ocrx_word' id='word_1_6' title='bbox 426 880 469 943; x_wconf 89' lang='lat' dir='ltr'>D.</span> <span class='ocrx_word' id='word_1_7' title='bbox 494 880 547 945; x_wconf 88' lang='lat' dir='ltr'>Da</span> <span class='ocrx_word' id='word_1_8' title='bbox 562 882 730 945; x_wconf 84' lang='lat' dir='ltr'>verborum</span> <span class='ocrx_word' id='word_1_9' title='bbox 752 900 881 965; x_wconf 89' lang='lat' dir='ltr'>quoque</span> <span class='ocrx_word' id='word_1_10' title='bbox 896 880 1046 964; x_wconf 86' lang='lat' dir='ltr'>exempla</span> <span class='ocrx_word' id='word_1_11' title='bbox 1066 878 1330 964; x_wconf 75' lang='lat' dir='ltr'>conjugationum</span> <span class='ocrx_word' id='word_1_12' title='bbox 1353 899 1433 962; x_wconf 89' lang='lat' dir='ltr'>qua·</span> 
     </span>
     <span class='ocr_line' id='line_1_3' title="bbox 381 980 1434 1067; baseline -0.002 -22"><span class='ocrx_word' id='word_1_13' title='bbox 381 982 526 1047; x_wconf 87' lang='lat' dir='ltr'>litatibus</span> <span class='ocrx_word' id='word_1_14' title='bbox 538 983 685 1060; x_wconf 88' lang='lat' dir='ltr'>collecta,</span> <span class='ocrx_word' id='word_1_15' title='bbox 696 1003 776 1067; x_wconf 88' lang='lat' dir='ltr'>quas</span> <span class='ocrx_word' id='word_1_16' title='bbox 787 982 896 1045; x_wconf 83' lang='lat' dir='ltr'>Graeci</span> <span class='ocrx_word' id='word_1_17' title='bbox 907 980 1080 1066; x_wconf 85' lang='lat' dir='ltr'>synzygias</span> <span class='ocrx_word' id='word_1_18' title='bbox 1094 990 1226 1045; x_wconf 84' lang='lat' dir='ltr'>vocant:</span> <span class='ocrx_word' id='word_1_19' title='bbox 1252 1000 1434 1062; x_wconf 80' lang='lat' dir='ltr'>congerere,</span> 
     </span>
     <span class='ocr_line' id='line_1_4' title="bbox 383 1082 1384 1168; baseline -0.002 -21"><span class='ocrx_word' id='word_1_20' title='bbox 383 1104 504 1166; x_wconf 71' lang='lat' dir='ltr'>quaeso,</span> <span class='ocrx_word' id='word_1_21' title='bbox 519 1105 560 1147; x_wconf 90' lang='lat' dir='ltr'>ne</span> <span class='ocrx_word' id='word_1_22' title='bbox 575 1084 787 1168; x_wconf 82' lang='lat' dir='ltr'>pigeat-M.</span> <span class='ocrx_word' id='word_1_23' title='bbox 803 1083 926 1160; x_wconf 88' lang='lat' dir='ltr'>Saluto,</span> <span class='ocrx_word' id='word_1_24' title='bbox 943 1083 1071 1163; x_wconf 86' lang='lat' dir='ltr'>sagitto,</span> <span class='ocrx_word' id='word_1_25' title='bbox 1086 1082 1211 1162; x_wconf 90' lang='lat' dir='ltr'>sagino,</span> <span class='ocrx_word' id='word_1_26' title='bbox 1225 1093 1262 1147; x_wconf 90' lang='lat' dir='ltr'>ut</span> <span class='ocrx_word' id='word_1_27' title='bbox 1275 1092 1384 1165; x_wconf 86' lang='lat' dir='ltr'>poeta,</span> 
     </span>
    </p>

    <p class='ocr_par' dir='ltr' id='par_1_3' title="bbox 383 1204 926 1367">
     <span class='ocr_line' id='line_1_5' title="bbox 523 1204 926 1278; baseline -0.005 -21"><span class='ocrx_word' id='word_1_28' title='bbox 523 1204 586 1259; x_wconf 88' lang='lat' dir='ltr'>Non</span> <span class='ocrx_word' id='word_1_29' title='bbox 596 1223 702 1278; x_wconf 84' lang='lat' dir='ltr'>parram</span> <span class='ocrx_word' id='word_1_30' title='bbox 714 1222 786 1259; x_wconf 89' lang='lat' dir='ltr'>sumo</span> <span class='ocrx_word' id='word_1_31' title='bbox 798 1206 926 1272; x_wconf 82' lang='lat' dir='ltr'>saginam.</span> 
     </span>
     <span class='ocr_line' id='line_1_6' title="bbox 383 1303 540 1367; baseline 0 -2"><span class='ocrx_word' id='word_1_32' title='bbox 383 1304 429 1366; x_wconf 88' lang='lat' dir='ltr'>Et</span> <span class='ocrx_word' id='word_1_33' title='bbox 441 1303 540 1367; x_wconf 83' lang='lat' dir='ltr'>infra:</span> 
     </span>
    </p>

    <p class='ocr_par' dir='ltr' id='par_1_4' title="bbox 379 1412 1432 2311">
     <span class='ocr_line' id='line_1_7' title="bbox 521 1412 1106 1486; baseline -0.007 -19"><span class='ocrx_word' id='word_1_34' title='bbox 521 1412 642 1486; x_wconf 85' lang='lat' dir='ltr'>Desuper</span> <span class='ocrx_word' id='word_1_35' title='bbox 653 1432 688 1467; x_wconf 86' lang='lat' dir='ltr'>ex</span> <span class='ocrx_word' id='word_1_36' title='bbox 699 1412 753 1465; x_wconf 84' lang='lat' dir='ltr'>alto</span> <span class='ocrx_word' id='word_1_37' title='bbox 763 1413 858 1466; x_wconf 82' lang='lat' dir='ltr'>virides</span> <span class='ocrx_word' id='word_1_38' title='bbox 869 1417 980 1485; x_wconf 80' lang='lat' dir='ltr'>expecta</span> <span class='ocrx_word' id='word_1_39' title='bbox 991 1412 1106 1479; x_wconf 69' lang='lat' dir='ltr'>sagium.</span> 
     </span>
     <span class='ocr_line' id='line_1_8' title="bbox 382 1507 1429 1595; baseline -0.005 -18"><span class='ocrx_word' id='word_1_40' title='bbox 382 1510 515 1577; x_wconf 87' lang='lat' dir='ltr'>Orosius</span> <span class='ocrx_word' id='word_1_41' title='bbox 539 1510 573 1574; x_wconf 90' lang='lat' dir='ltr'>in</span> <span class='ocrx_word' id='word_1_42' title='bbox 598 1532 693 1595; x_wconf 88' lang='lat' dir='ltr'>prosa</span> <span class='ocrx_word' id='word_1_43' title='bbox 720 1510 886 1575; x_wconf 84' lang='lat' dir='ltr'>historica:</span> <span class='ocrx_word' id='word_1_44' title='bbox 912 1511 1052 1573; x_wconf 85' lang='lat' dir='ltr'>informe</span> <span class='ocrx_word' id='word_1_45' title='bbox 1083 1507 1215 1593; x_wconf 90' lang='lat' dir='ltr'>(inquit)</span> <span class='ocrx_word' id='word_1_46' title='bbox 1247 1508 1429 1593; x_wconf 87' lang='lat' dir='ltr'>prodigium</span> 
     </span>
     <span class='ocr_line' id='line_1_9' title="bbox 380 1609 1430 1694; baseline -0.001 -18"><span class='ocrx_word' id='word_1_47' title='bbox 380 1613 516 1676; x_wconf 75' lang='lat' dir='ltr'>Graecia:</span> <span class='ocrx_word' id='word_1_48' title='bbox 530 1612 704 1676; x_wconf 84' lang='lat' dir='ltr'><strong>luminibus</strong></span> <span class='ocrx_word' id='word_1_49' title='bbox 727 1612 936 1694; x_wconf 84' lang='lat' dir='ltr'>saginabant3</span> <span class='ocrx_word' id='word_1_50' title='bbox 959 1611 1059 1676; x_wconf 89' lang='lat' dir='ltr'>idest</span> <span class='ocrx_word' id='word_1_51' title='bbox 1080 1609 1243 1675; x_wconf 91' lang='lat' dir='ltr'>Creticum</span> <span class='ocrx_word' id='word_1_52' title='bbox 1266 1611 1430 1675; x_wconf 87' lang='lat' dir='ltr'>Minotau-</span> 
     </span>
     <span class='ocr_line' id='line_1_10' title="bbox 381 1711 1432 1797; baseline 0 -21"><span class='ocrx_word' id='word_1_53' title='bbox 381 1734 460 1777; x_wconf 89' lang='lat' dir='ltr'><strong>rum.</strong></span> <span class='ocrx_word' id='word_1_54' title='bbox 506 1714 559 1777; x_wconf 90' lang='lat' dir='ltr'>Sic</span> <span class='ocrx_word' id='word_1_55' title='bbox 582 1713 715 1791; x_wconf 91' lang='lat' dir='ltr'>honoro,</span> <span class='ocrx_word' id='word_1_56' title='bbox 738 1716 857 1792; x_wconf 91' lang='lat' dir='ltr'>coloro,</span> <span class='ocrx_word' id='word_1_57' title='bbox 879 1714 1000 1792; x_wconf 88' lang='lat' dir='ltr'>laboro,</span> <span class='ocrx_word' id='word_1_58' title='bbox 1020 1711 1130 1790; x_wconf 91' lang='lat' dir='ltr'>adoro,</span> <span class='ocrx_word' id='word_1_59' title='bbox 1143 1712 1282 1797; x_wconf 90' lang='lat' dir='ltr'>requiro,</span> <span class='ocrx_word' id='word_1_60' title='bbox 1303 1712 1432 1793; x_wconf 89' lang='lat' dir='ltr'>anbelo,</span> 
     </span>
     <span class='ocr_line' id='line_1_11' title="bbox 381 1813 1430 1898; baseline -0.001 -20"><span class='ocrx_word' id='word_1_61' title='bbox 381 1814 494 1892; x_wconf 84' lang='lat' dir='ltr'>refuto,</span> <span class='ocrx_word' id='word_1_62' title='bbox 504 1835 649 1891; x_wconf 88' lang='lat' dir='ltr'>corusco,</span> <span class='ocrx_word' id='word_1_63' title='bbox 659 1814 960 1892; x_wconf 91' lang='lat' dir='ltr'>cachinno,inesco,</span> <span class='ocrx_word' id='word_1_64' title='bbox 971 1814 1105 1890; x_wconf 90' lang='lat' dir='ltr'>inundo,</span> <span class='ocrx_word' id='word_1_65' title='bbox 1114 1813 1271 1891; x_wconf 89' lang='lat' dir='ltr'>redundo,</span> <span class='ocrx_word' id='word_1_66' title='bbox 1282 1834 1430 1898; x_wconf 88' lang='lat' dir='ltr'>capesso,</span> 
     </span>
     <span class='ocr_line' id='line_1_12' title="bbox 379 1916 1430 2002; baseline 0 -21"><span class='ocrx_word' id='word_1_67' title='bbox 379 1918 514 1993; x_wconf 77' lang='lat' dir='ltr'>lacesso,</span> <span class='ocrx_word' id='word_1_68' title='bbox 530 1919 674 2002; x_wconf 83' lang='lat' dir='ltr'>quiesco,</span> <span class='ocrx_word' id='word_1_69' title='bbox 689 1928 832 1995; x_wconf 91' lang='lat' dir='ltr'>cruento,</span> <span class='ocrx_word' id='word_1_70' title='bbox 848 1916 1003 1991; x_wconf 86' lang='lat' dir='ltr'>seeundo,</span> <span class='ocrx_word' id='word_1_71' title='bbox 1020 1936 1173 2001; x_wconf 89' lang='lat' dir='ltr'>propago,</span> <span class='ocrx_word' id='word_1_72' title='bbox 1187 1936 1312 1995; x_wconf 89' lang='lat' dir='ltr'>recuso,</span> <span class='ocrx_word' id='word_1_73' title='bbox 1327 1919 1430 1999; x_wconf 83' lang='lat' dir='ltr'>gelas·</span> 
     </span>
     <span class='ocr_line' id='line_1_13' title="bbox 380 2018 1430 2102; baseline 0 -19"><span class='ocrx_word' id='word_1_74' title='bbox 380 2040 430 2100; x_wconf 87' lang='lat' dir='ltr'>eo,</span> <span class='ocrx_word' id='word_1_75' title='bbox 443 2020 595 2096; x_wconf 89' lang='lat' dir='ltr'>recondo,</span> <span class='ocrx_word' id='word_1_76' title='bbox 611 2020 753 2084; x_wconf 88' lang='lat' dir='ltr'>saburro.</span> <span class='ocrx_word' id='word_1_77' title='bbox 799 2021 845 2084; x_wconf 86' lang='lat' dir='ltr'>Ut</span> <span class='ocrx_word' id='word_1_78' title='bbox 867 2020 1000 2084; x_wconf 88' lang='lat' dir='ltr'>Solinus</span> <span class='ocrx_word' id='word_1_79' title='bbox 1019 2018 1059 2083; x_wconf 91' lang='lat' dir='ltr'>de</span> <span class='ocrx_word' id='word_1_80' title='bbox 1074 2019 1207 2102; x_wconf 88' lang='lat' dir='ltr'>gruibus</span> <span class='ocrx_word' id='word_1_81' title='bbox 1229 2018 1293 2096; x_wconf 87' lang='lat' dir='ltr'>ait;</span> <span class='ocrx_word' id='word_1_82' title='bbox 1315 2018 1430 2083; x_wconf 61' lang='lat' dir='ltr'>Subla*</span> 
     </span>
     <span class='ocr_line' id='line_1_14' title="bbox 379 2122 1428 2208; baseline -0.002 -21"><span class='ocrx_word' id='word_1_83' title='bbox 379 2124 483 2208; x_wconf 88' lang='lat' dir='ltr'>tisquc</span> <span class='ocrx_word' id='word_1_84' title='bbox 511 2124 666 2208; x_wconf 78' lang='lat' dir='ltr'>lapillulis</span> <span class='ocrx_word' id='word_1_85' title='bbox 694 2124 737 2187; x_wconf 89' lang='lat' dir='ltr'>ad</span> <span class='ocrx_word' id='word_1_86' title='bbox 766 2122 961 2188; x_wconf 79' lang='lat' dir='ltr'>moderatam</span> <span class='ocrx_word' id='word_1_87' title='bbox 991 2125 1177 2207; x_wconf 83' lang='lat' dir='ltr'>gravitatem</span> <span class='ocrx_word' id='word_1_88' title='bbox 1214 2124 1428 2187; x_wconf 79' lang='lat' dir='ltr'>saburrantur.</span> 
     </span>
     <span class='ocr_line' id='line_1_15' title="bbox 381 2226 546 2311; baseline 0.012 -23"><span class='ocrx_word' id='word_1_89' title='bbox 381 2226 546 2311; x_wconf 82' lang='lat' dir='ltr'>Virgilius:</span> 
     </span>
    </p>

    <p class='ocr_par' dir='ltr' id='par_1_5' title="bbox 519 2335 1182 2563">
     <span class='ocr_line' id='line_1_16' title="bbox 871 2335 1054 2409; baseline -0.005 -20"><span class='ocrx_word' id='word_1_90' title='bbox 871 2354 939 2409; x_wconf 78' lang='lat' dir='ltr'>saepe</span> <span class='ocrx_word' id='word_1_91' title='bbox 950 2335 1054 2408; x_wconf 87' lang='lat' dir='ltr'>lapillos</span> 
     </span>
     <span class='ocr_line' id='line_1_17' title="bbox 520 2423 1182 2496; baseline 0 -20"><span class='ocrx_word' id='word_1_92' title='bbox 520 2424 560 2476; x_wconf 86' lang='lat' dir='ltr'>Ut</span> <span class='ocrx_word' id='word_1_93' title='bbox 571 2424 672 2493; x_wconf 79' lang='lat' dir='ltr'>cymbas</span> <span class='ocrx_word' id='word_1_94' title='bbox 683 2424 820 2477; x_wconf 72' lang='lat' dir='ltr'>instabiles</span> <span class='ocrx_word' id='word_1_95' title='bbox 830 2424 910 2478; x_wconf 86' lang='lat' dir='ltr'>fluctu</span> <span class='ocrx_word' id='word_1_96' title='bbox 919 2425 1036 2496; x_wconf 80' lang='lat' dir='ltr'>jactante</span> <span class='ocrx_word' id='word_1_97' title='bbox 1048 2423 1182 2476; x_wconf 77' lang='lat' dir='ltr'>suburrm</span> 
     </span>
     <span class='ocr_line' id='line_1_18' title="bbox 519 2507 637 2563; baseline 0 -2"><span class='ocrx_word' id='word_1_98' title='bbox 519 2507 637 2563; x_wconf 82' lang='lat' dir='ltr'>Tolluni.</span> 
     </span>
    </p>
   </div>
   <div class='ocr_carea' id='block_1_3' title="bbox 376 2606 1429 3102">
    <p class='ocr_par' dir='ltr' id='par_1_6' title="bbox 380 2606 571 2691">
     <span class='ocr_line' id='line_1_19' title="bbox 380 2606 571 2691; baseline 0 -21"><span class='ocrx_word' id='word_1_99' title='bbox 380 2606 504 2691; x_wconf 85' lang='lat' dir='ltr'>Fatigo,</span> <span class='ocrx_word' id='word_1_100' title='bbox 519 2616 571 2671; x_wconf 91' lang='lat' dir='ltr'>ut:</span> 
     </span>
    </p>

    <p class='ocr_par' dir='ltr' id='par_1_7' title="bbox 376 2712 1429 3102">
     <span class='ocr_line' id='line_1_20' title="bbox 624 2712 1043 2785; baseline -0.002 -17"><span class='ocrx_word' id='word_1_101' title='bbox 624 2719 777 2785; x_wconf 82' lang='lat' dir='ltr'>noctemque</span> <span class='ocrx_word' id='word_1_102' title='bbox 789 2714 910 2783; x_wconf 83' lang='lat' dir='ltr'>diemque</span> <span class='ocrx_word' id='word_1_103' title='bbox 921 2712 1043 2782; x_wconf 82' lang='lat' dir='ltr'>fatigant.</span> 
     </span>
     <span class='ocr_line' id='line_1_21' title="bbox 378 2816 1427 2904; baseline 0 -20"><span class='ocrx_word' id='word_1_104' title='bbox 378 2819 485 2884; x_wconf 83' lang='lat' dir='ltr'>Oritur</span> <span class='ocrx_word' id='word_1_105' title='bbox 500 2819 594 2883; x_wconf 85' lang='lat' dir='ltr'>etiam</span> <span class='ocrx_word' id='word_1_106' title='bbox 609 2818 694 2882; x_wconf 91' lang='lat' dir='ltr'>idem</span> <span class='ocrx_word' id='word_1_107' title='bbox 717 2839 811 2903; x_wconf 86' lang='lat' dir='ltr'>pesa</span> <span class='ocrx_word' id='word_1_108' title='bbox 833 2819 936 2883; x_wconf 83' lang='lat' dir='ltr'>verbis</span> <span class='ocrx_word' id='word_1_109' title='bbox 958 2817 1072 2902; x_wconf 84' lang='lat' dir='ltr'>prirnae</span> <span class='ocrx_word' id='word_1_110' title='bbox 1095 2816 1340 2902; x_wconf 88' lang='lat' dir='ltr'>conjugationis,</span> <span class='ocrx_word' id='word_1_111' title='bbox 1355 2841 1427 2904; x_wconf 82' lang='lat' dir='ltr'>quae</span> 
     </span>
     <span class='ocr_line' id='line_1_22' title="bbox 376 2919 1428 3004; baseline 0.002 -20"><span class='ocrx_word' id='word_1_112' title='bbox 376 2922 410 2984; x_wconf 89' lang='lat' dir='ltr'>in</span> <span class='ocrx_word' id='word_1_113' title='bbox 435 2920 626 3004; x_wconf 85' lang='lat' dir='ltr'>Pyrrhichio</span> <span class='ocrx_word' id='word_1_114' title='bbox 646 2920 715 3004; x_wconf 85' lang='lat' dir='ltr'>jam</span> <span class='ocrx_word' id='word_1_115' title='bbox 745 2920 977 3002; x_wconf 83' lang='lat' dir='ltr'>congessimus,</span> <span class='ocrx_word' id='word_1_116' title='bbox 1005 2920 1056 2984; x_wconf 82' lang='lat' dir='ltr'>his</span> <span class='ocrx_word' id='word_1_117' title='bbox 1081 2919 1247 3004; x_wconf 84' lang='lat' dir='ltr'>personis:</span> <span class='ocrx_word' id='word_1_118' title='bbox 1274 2939 1428 2986; x_wconf 82' lang='lat' dir='ltr'>vocamus</span> 
     </span>
     <span class='ocr_line' id='line_1_23' title="bbox 376 3021 1429 3102; baseline 0.004 -18"><span class='ocrx_word' id='word_1_119' title='bbox 376 3023 497 3086; x_wconf 82' lang='lat' dir='ltr'>vocatis</span> <span class='ocrx_word' id='word_1_120' title='bbox 511 3025 667 3086; x_wconf 80' lang='lat' dir='ltr'>vocabam</span> <span class='ocrx_word' id='word_1_121' title='bbox 682 3024 828 3101; x_wconf 84' lang='lat' dir='ltr'>vocabat,</span> <span class='ocrx_word' id='word_1_122' title='bbox 842 3033 987 3088; x_wconf 85' lang='lat' dir='ltr'>vetamus</span> <span class='ocrx_word' id='word_1_123' title='bbox 1000 3021 1115 3088; x_wconf 82' lang='lat' dir='ltr'>vetatis</span> <span class='ocrx_word' id='word_1_124' title='bbox 1129 3023 1275 3088; x_wconf 75' lang='lat' dir='ltr'>vetabam</span> <span class='ocrx_word' id='word_1_125' title='bbox 1290 3026 1429 3102; x_wconf 83' lang='lat' dir='ltr'>vetabat,</span> 
     </span>
    </p>
   </div>
   <div class='ocr_carea' id='block_1_4' title="bbox 376 3123 1359 3296">
    <p class='ocr_par' dir='ltr' id='par_1_8' title="bbox 376 3123 1359 3296">
     <span class='ocr_line' id='line_1_24' title="bbox 376 3123 1359 3191; baseline 0.001 -4"><span class='ocrx_word' id='word_1_126' title='bbox 376 3123 505 3188; x_wconf 82' lang='lat' dir='ltr'>litamus</span> <span class='ocrx_word' id='word_1_127' title='bbox 519 3124 618 3188; x_wconf 84' lang='lat' dir='ltr'>litatis</span> <span class='ocrx_word' id='word_1_128' title='bbox 632 3125 762 3188; x_wconf 79' lang='lat' dir='ltr'>litabam</span> <span class='ocrx_word' id='word_1_129' title='bbox 778 3126 901 3190; x_wconf 88' lang='lat' dir='ltr'>litabat.</span> <span class='ocrx_word' id='word_1_130' title='bbox 948 3125 1045 3190; x_wconf 87' lang='lat' dir='ltr'>Unde</span> <span class='ocrx_word' id='word_1_131' title='bbox 1061 3124 1190 3190; x_wconf 86' lang='lat' dir='ltr'>Persius</span> <span class='ocrx_word' id='word_1_132' title='bbox 1203 3125 1359 3191; x_wconf 87' lang='lat' dir='ltr'>Flaccus:</span> 
     </span>
     <span class='ocr_line' id='line_1_25' title="bbox 620 3222 1103 3296; baseline 0.002 -20"><span class='ocrx_word' id='word_1_133' title='bbox 620 3223 772 3277; x_wconf 77' lang='lat' dir='ltr'>admoram</span> <span class='ocrx_word' id='word_1_134' title='bbox 783 3223 888 3296; x_wconf 83' lang='lat' dir='ltr'>templis</span> <span class='ocrx_word' id='word_1_135' title='bbox 898 3229 927 3278; x_wconf 83' lang='lat' dir='ltr'>et</span> <span class='ocrx_word' id='word_1_136' title='bbox 936 3222 1005 3279; x_wconf 72' lang='lat' dir='ltr'>arro</span> <span class='ocrx_word' id='word_1_137' title='bbox 1015 3223 1103 3278; x_wconf 81' lang='lat' dir='ltr'>litabo</span> 
     </span>
    </p>
   </div>
   <div class='ocr_carea' id='block_1_5' title="bbox 248 3312 1426 4694">
    <p class='ocr_par' dir='ltr' id='par_1_9' title="bbox 377 3312 1426 3498">
     <span class='ocr_line' id='line_1_26' title="bbox 377 3312 1426 3396; baseline 0.003 -21"><span class='ocrx_word' id='word_1_138' title='bbox 377 3314 406 3375; x_wconf 79' lang='grc' dir='ltr'><strong>Α</strong></span> <span class='ocrx_word' id='word_1_139' title='bbox 427 3312 557 3396; x_wconf 84' lang='lat' dir='ltr'>passivo</span> <span class='ocrx_word' id='word_1_140' title='bbox 579 3313 718 3390; x_wconf 84' lang='lat' dir='ltr'>litemus,</span> <span class='ocrx_word' id='word_1_141' title='bbox 740 3312 881 3390; x_wconf 86' lang='lat' dir='ltr'>litantur,</span> <span class='ocrx_word' id='word_1_142' title='bbox 907 3313 1033 3386; x_wconf 87' lang='lat' dir='ltr'>litabar,</span> <span class='ocrx_word' id='word_1_143' title='bbox 1064 3320 1097 3376; x_wconf 88' lang='lat' dir='ltr'>et</span> <span class='ocrx_word' id='word_1_144' title='bbox 1124 3313 1265 3376; x_wconf 79' lang='lat' dir='ltr'>futurum</span> <span class='ocrx_word' id='word_1_145' title='bbox 1294 3313 1426 3378; x_wconf 88' lang='lat' dir='ltr'>litabor:</span> 
     </span>
     <span class='ocr_line' id='line_1_27' title="bbox 378 3412 531 3498; baseline 0 -21"><span class='ocrx_word' id='word_1_146' title='bbox 378 3412 531 3498; x_wconf 85' lang='lat' dir='ltr'>Prosper:</span> 
     </span>
    </p>

    <p class='ocr_par' dir='ltr' id='par_1_10' title="bbox 516 3518 1013 3574">
     <span class='ocr_line' id='line_1_28' title="bbox 516 3518 1013 3574; baseline -0.008 0"><span class='ocrx_word' id='word_1_147' title='bbox 516 3521 552 3574; x_wconf 84' lang='lat' dir='ltr'>Et</span> <span class='ocrx_word' id='word_1_148' title='bbox 563 3519 597 3574; x_wconf 83' lang='lat' dir='ltr'>de</span> <span class='ocrx_word' id='word_1_149' title='bbox 608 3520 731 3572; x_wconf 72' lang='lat' dir='ltr'>murum</span> <span class='ocrx_word' id='word_1_150' title='bbox 744 3535 849 3571; x_wconf 86' lang='lat' dir='ltr'>munere</span> <span class='ocrx_word' id='word_1_151' title='bbox 862 3518 1013 3572; x_wconf 77' lang='lat' dir='ltr'>sacralitat.</span> 
     </span>
    </p>

    <p class='ocr_par' dir='ltr' id='par_1_11' title="bbox 248 3611 1203 3786">
     <span class='ocr_line' id='line_1_29' title="bbox 375 3611 545 3693; baseline 0 -19"><span class='ocrx_word' id='word_1_152' title='bbox 375 3611 545 3693; x_wconf 82' lang='lat' dir='ltr'>Virgilius:</span> 
     </span>
     <span class='ocr_line' id='line_1_30' title="bbox 248 3711 1203 3786; baseline -0.004 -14"><span class='ocrx_word' id='word_1_153' title='bbox 248 3754 253 3764; x_wconf 83' lang='lat'>·</span> <span class='ocrx_word' id='word_1_154' title='bbox 515 3718 651 3786; x_wconf 77' lang='lat' dir='ltr'>Baugrrine</span> <span class='ocrx_word' id='word_1_155' title='bbox 663 3715 794 3786; x_wconf 65' lang='lat' dir='ltr'>querendi</span> <span class='ocrx_word' id='word_1_156' title='bbox 806 3715 905 3769; x_wconf 82' lang='lat' dir='ltr'>reditur</span> <span class='ocrx_word' id='word_1_157' title='bbox 916 3715 1054 3783; x_wconf 81' lang='lat' dir='ltr'>animaque</span> <span class='ocrx_word' id='word_1_158' title='bbox 1064 3711 1203 3768; x_wconf 83' lang='lat' dir='ltr'>litandum.</span> 
     </span>
    </p>

    <p class='ocr_par' dir='ltr' id='par_1_12' title="bbox 367 3819 1426 4616">
     <span class='ocr_line' id='line_1_31' title="bbox 416 3819 1426 3908; baseline -0.003 -19"><span class='ocrx_word' id='word_1_159' title='bbox 416 3823 569 3889; x_wconf 81' lang='lat' dir='ltr'>Secunda</span> <span class='ocrx_word' id='word_1_160' title='bbox 588 3822 701 3888; x_wconf 88' lang='lat' dir='ltr'>itidem</span> <span class='ocrx_word' id='word_1_161' title='bbox 723 3821 906 3908; x_wconf 83' lang='lat' dir='ltr'>conjugatio</span> <span class='ocrx_word' id='word_1_162' title='bbox 929 3820 1044 3885; x_wconf 80' lang='lat' dir='ltr'>iisdem</span> <span class='ocrx_word' id='word_1_163' title='bbox 1067 3819 1222 3886; x_wconf 87' lang='lat' dir='ltr'>linearum</span> <span class='ocrx_word' id='word_1_164' title='bbox 1244 3820 1426 3886; x_wconf 80' lang='lat' dir='ltr'>tramitibus</span> 
     </span>
     <span class='ocr_line' id='line_1_32' title="bbox 374 3922 1425 4011; baseline -0.006 -19"><span class='ocrx_word' id='word_1_165' title='bbox 374 3926 605 4011; x_wconf 73' lang='lat' dir='ltr'>amphibracho</span> <span class='ocrx_word' id='word_1_166' title='bbox 630 3925 793 3990; x_wconf 87' lang='lat' dir='ltr'>concurrit</span> <span class='ocrx_word' id='word_1_167' title='bbox 813 3925 853 3989; x_wconf 85' lang='lat' dir='ltr'>ab</span> <span class='ocrx_word' id='word_1_168' title='bbox 878 3945 921 3988; x_wconf 88' lang='lat' dir='ltr'>ea</span> <span class='ocrx_word' id='word_1_169' title='bbox 949 3922 1108 3990; x_wconf 83' lang='lat' dir='ltr'>duntaxat</span> <span class='ocrx_word' id='word_1_170' title='bbox 1130 3942 1311 3986; x_wconf 87' lang='lat' dir='ltr'>sermonum</span> <span class='ocrx_word' id='word_1_171' title='bbox 1334 3923 1425 4002; x_wconf 87' lang='lat' dir='ltr'>serie,</span> 
     </span>
     <span class='ocr_line' id='line_1_33' title="bbox 374 4023 1425 4114; baseline -0.003 -21"><span class='ocrx_word' id='word_1_172' title='bbox 374 4049 446 4114; x_wconf 80' lang='lat' dir='ltr'>ques</span> <span class='ocrx_word' id='word_1_173' title='bbox 471 4028 506 4092; x_wconf 91' lang='lat' dir='ltr'>in</span> <span class='ocrx_word' id='word_1_174' title='bbox 533 4029 695 4092; x_wconf 85' lang='lat' dir='ltr'>tribracho</span> <span class='ocrx_word' id='word_1_175' title='bbox 726 4027 873 4111; x_wconf 89' lang='lat' dir='ltr'>superius</span> <span class='ocrx_word' id='word_1_176' title='bbox 903 4024 1172 4100; x_wconf 81' lang='lat' dir='ltr'>coacervavimus,</span> <span class='ocrx_word' id='word_1_177' title='bbox 1196 4033 1233 4086; x_wconf 86' lang='lat' dir='ltr'>m</span> <span class='ocrx_word' id='word_1_178' title='bbox 1261 4023 1425 4106; x_wconf 87' lang='lat' dir='ltr'>docemus,</span> 
     </span>
     <span class='ocr_line' id='line_1_34' title="bbox 374 4124 1424 4210; baseline -0.003 -17"><span class='ocrx_word' id='word_1_179' title='bbox 374 4127 518 4208; x_wconf 87' lang='lat' dir='ltr'>docebis,</span> <span class='ocrx_word' id='word_1_180' title='bbox 530 4129 698 4207; x_wconf 88' lang='lat' dir='ltr'>docebam,</span> <span class='ocrx_word' id='word_1_181' title='bbox 707 4128 852 4194; x_wconf 84' lang='lat' dir='ltr'>docebat.</span> <span class='ocrx_word' id='word_1_182' title='bbox 898 4124 1424 4210; x_wconf 83' lang='lat' dir='ltr'>Apassirodocemur,docentur,</span> 
     </span>
     <span class='ocr_line' id='line_1_35' title="bbox 372 4225 1424 4310; baseline -0.005 -18"><span class='ocrx_word' id='word_1_183' title='bbox 372 4227 524 4306; x_wconf 89' lang='lat' dir='ltr'>docebar,</span> <span class='ocrx_word' id='word_1_184' title='bbox 534 4239 566 4292; x_wconf 90' lang='lat' dir='ltr'>et</span> <span class='ocrx_word' id='word_1_185' title='bbox 575 4227 680 4292; x_wconf 85' lang='lat' dir='ltr'>futuro</span> <span class='ocrx_word' id='word_1_186' title='bbox 690 4226 839 4290; x_wconf 89' lang='lat' dir='ltr'>docebor.</span> <span class='ocrx_word' id='word_1_187' title='bbox 881 4227 936 4292; x_wconf 88' lang='lat' dir='ltr'>Sic</span> <span class='ocrx_word' id='word_1_188' title='bbox 947 4225 1051 4299; x_wconf 80' lang='lat' dir='ltr'>foveo,</span> <span class='ocrx_word' id='word_1_189' title='bbox 1060 4226 1289 4310; x_wconf 85' lang='lat' dir='ltr'>roreo,jubeo,</span> <span class='ocrx_word' id='word_1_190' title='bbox 1297 4247 1424 4304; x_wconf 85' lang='lat' dir='ltr'>moveo,</span> 
     </span>
     <span class='ocr_line' id='line_1_36' title="bbox 369 4326 1424 4409; baseline -0.002 -14"><span class='ocrx_word' id='word_1_191' title='bbox 369 4349 496 4409; x_wconf 82' lang='lat' dir='ltr'>moneo,</span> <span class='ocrx_word' id='word_1_192' title='bbox 526 4330 740 4395; x_wconf 89' lang='lat' dir='ltr'>declinantur.</span> <span class='ocrx_word' id='word_1_193' title='bbox 799 4327 993 4394; x_wconf 83' lang='lat' dir='ltr'>Inchoativa</span> <span class='ocrx_word' id='word_1_194' title='bbox 1021 4326 1168 4390; x_wconf 71' lang='lat' dir='ltr'>umiliter</span> <span class='ocrx_word' id='word_1_195' title='bbox 1198 4327 1295 4390; x_wconf 85' lang='lat' dir='ltr'>rerba</span> <span class='ocrx_word' id='word_1_196' title='bbox 1322 4328 1424 4392; x_wconf 74' lang='lat' dir='ltr'>tarda</span> 
     </span>
     <span class='ocr_line' id='line_1_37' title="bbox 368 4427 1423 4516; baseline 0.002 -22"><span class='ocrx_word' id='word_1_197' title='bbox 368 4432 606 4516; x_wconf 83' lang='lat' dir='ltr'>conjugationis</span> <span class='ocrx_word' id='word_1_198' title='bbox 632 4452 652 4494; x_wconf 84' lang='lat' dir='ltr'>a</span> <span class='ocrx_word' id='word_1_199' title='bbox 678 4430 842 4496; x_wconf 87' lang='lat' dir='ltr'>radicibus</span> <span class='ocrx_word' id='word_1_200' title='bbox 871 4428 1024 4494; x_wconf 82' lang='lat' dir='ltr'>secundae</span> <span class='ocrx_word' id='word_1_201' title='bbox 1050 4427 1289 4513; x_wconf 82' lang='lat' dir='ltr'>conjugationis</span> <span class='ocrx_word' id='word_1_202' title='bbox 1317 4433 1423 4515; x_wconf 91' lang='lat' dir='ltr'>pullu·</span> 
     </span>
     <span class='ocr_line' id='line_1_38' title="bbox 367 4530 1424 4616; baseline 0.003 -21"><span class='ocrx_word' id='word_1_203' title='bbox 367 4532 468 4596; x_wconf 86' lang='lat' dir='ltr'>lantla</span> <span class='ocrx_word' id='word_1_204' title='bbox 495 4533 758 4616; x_wconf 89' lang='lat' dir='ltr'>amphibrachym</span> <span class='ocrx_word' id='word_1_205' title='bbox 783 4532 842 4595; x_wconf 85' lang='lat' dir='ltr'>rite</span> <span class='ocrx_word' id='word_1_206' title='bbox 869 4531 1078 4613; x_wconf 87' lang='lat' dir='ltr'>generabunt,</span> <span class='ocrx_word' id='word_1_207' title='bbox 1104 4541 1141 4594; x_wconf 88' lang='lat' dir='ltr'>ut</span> <span class='ocrx_word' id='word_1_208' title='bbox 1165 4530 1266 4614; x_wconf 90' lang='lat' dir='ltr'>rigeo,</span> <span class='ocrx_word' id='word_1_209' title='bbox 1288 4532 1424 4614; x_wconf 87' lang='lat' dir='ltr'>rigesco,</span> 
     </span>
    </p>

    <p class='ocr_par' dir='ltr' id='par_1_13' title="bbox 871 4631 928 4694">
     <span class='ocr_line' id='line_1_39' title="bbox 871 4631 928 4694; baseline -0.07 0"><span class='ocrx_word' id='word_1_210' title='bbox 871 4631 928 4694; x_wconf 72' lang='lat'>02</span> 
     </span>
    </p>
   </div>
   <div class='ocr_carea' id='block_1_6' title="bbox 0 0 1884 5425">
    <p class='ocr_par' dir='ltr' id='par_1_14' title="bbox 0 0 1884 5425">
     <span class='ocr_line' id='line_1_40' title="bbox 0 0 1884 5425; baseline 0 5"><span class='ocrx_word' id='word_1_211' title='bbox 0 0 1884 5425; x_wconf 95' lang='lat' dir='ltr'> </span> 
     </span>
    </p>
   </div>
  </div>
 </body>
</html>
