3759 5425
754 657 809 732 'DE
826 657 989 704 muninus
1005 655 1184 704 vinemari.

536 807 577 869 ln
588 816 712 871 tantum
727 817 764 872 ut
778 829 900 873 cuneus
914 819 1057 882 votorum
1074 829 1208 892 compos
1221 807 1334 885 abiret,

534 907 691 988 Purgatus
705 911 840 974 maculis
854 910 1004 994 baptismi
1020 910 1143 992 gurgite
1158 931 1261 986 sacro,

536 1007 631 1074 Idola
644 1010 743 1076 stacta
757 1011 885 1090 fricans,
898 1023 933 1074 et
946 1033 1024 1076 mox
1039 1011 1072 1074 in
1088 1012 1187 1077 frusta
1201 1010 1372 1075 resolvens.

580 1109 637 1171 Lis
651 1110 815 1198 quondam
829 1132 944 1194 pacem
959 1112 1152 1175 crudescens
1167 1108 1254 1194 rupit
1268 1109 1436 1178 honestam

538 1209 628 1278 lntar
641 1211 819 1291 credentes,
834 1213 890 1294 qui
905 1211 1068 1276 Christum
1084 1209 1180 1275 corde
1194 1210 1341 1283 fatentur,

536 1309 582 1372 Et
595 1307 788 1389 diffidentes,
803 1313 858 1396 qui
874 1312 1036 1376 Christum
1051 1311 1159 1376 fraude
1174 1311 1329 1374 refutant:

538 1410 622 1472 Nam
638 1413 776 1485 Bellona
790 1414 879 1477 ferox
893 1413 1007 1478 infecit
1021 1412 1118 1476 corda
1131 1411 1275 1486 venenis,

538 1512 636 1577 Arma
650 1527 783 1578 cruenta
796 1515 900 1578 ferens
913 1515 1051 1578 turbarit
1063 1513 1184 1576 soedera
1197 1512 1298 1595 pacis.

539 1611 722 1683 Procedunt
736 1616 823 1678 acies
837 1614 938 1678 densa
954 1615 1092 1698 stipante
1107 1625 1243 1689 caterva,

541 1712 700 1776 Horridus
715 1715 840 1778 exultat
855 1715 955 1778 crudo
971 1715 1143 1781 certamine
1159 1716 1299 1788 Mavors,

537 1811 665 1877 Cornua
679 1835 776 1881 rauca
791 1826 915 1893 sonant,
929 1827 961 1878 et
976 1815 1083 1898 salpix
1097 1814 1234 1880 classica
1248 1813 1380 1894 clangit,

539 1915 627 1976 Dum
642 1915 808 1980 stimulant
821 1926 954 1980 mortem
969 1917 1127 1978 bombosa
1139 1935 1218 1979 voce
1232 1915 1417 1998 phalanges.

537 2015 622 2077 Tum
637 2017 722 2079 celer
736 2015 867 2080 advenit
879 2017 1031 2101 praefatus
1045 2015 1125 2078 forte
1140 2014 1299 2092 sacerdos,

537 2116 602 2187 Qui
617 2136 731 2197 pacare
747 2116 879 2181 studens
893 2118 971 2182 belli
987 2117 1163 2180 certamina
1177 2137 1271 2194 saeva,

536 2214 659 2278 Nititur
673 2237 844 2280 accensam
860 2216 981 2282 fraudis
995 2217 1189 2297 restinguere
1204 2217 1375 2292 flammam,

536 2317 582 2378 Et
595 2317 685 2380 necis
700 2317 866 2383 horrenda
881 2317 1033 2382 stolidum
1050 2317 1160 2380 sedare
1176 2318 1355 2380 tumultum.

536 2415 603 2480 Sed
618 2417 749 2500 quidam
764 2417 913 2482 incentor
924 2419 1103 2487 bacchatur
1116 2425 1222 2480 mente
1236 2416 1387 2499 maligna,

537 2517 600 2590 Qui
615 2527 724 2599 caput,
739 2529 772 2582 ct
785 2518 947 2601 princeps,
962 2539 999 2582 ac
1013 2539 1130 2601 pugna>
1146 2517 1276 2598 signifer
1290 2528 1380 2580 atrox

535 2616 698 2682 Extiterat
712 2618 836 2697 dicens,
850 2640 885 2681 se
899 2639 1062 2702 nrrnquam
1079 2618 1213 2701 pignora
1227 2618 1318 2700 pacis

536 2721 649 2795 Malle,
664 2730 777 2784 tetram
793 2719 896 2784 donec
911 2730 1073 2803 perpetret
1087 2721 1197 2786 sunere
1210 2730 1353 2783 mortem.

534 2821 628 2883 Tunc
644 2820 689 2891 ait
703 2820 856 2885 audacter
870 2820 1061 2903 depromens
1077 2821 1142 2883 sata
1156 2820 1277 2885 sutura:

534 2921 590 2985 Sic
605 2920 665 2984 tibi
679 2922 846 3003 contingat
860 2922 939 2987 lethi
956 2923 1081 2985 fortuna
1095 2934 1237 3001 cruenta,

535 3022 605 3087 Ceu
620 3022 725 3086 verbis
740 3034 842 3105 optas,
857 3022 978 3089 crudeli
994 3024 1081 3088 calce
1097 3043 1236 3087 casurus.

535 3123 632 3187 Solus
646 3143 762 3207 nempe
776 3145 890 3187 necem
905 3144 1018 3186 cernes
1033 3122 1244 3187 moribundus
1259 3125 1417 3200 acerbam,

535 3224 661 3307 Sospite
676 3244 751 3287 cum
766 3224 882 3308 reliqui
897 3224 962 3287 vita
976 3224 1149 3305 funguntur
1164 3234 1306 3301 ovantes,

535 3323 599 3387 Sed
615 3324 674 3388 tibi
689 3334 762 3407 post
776 3325 873 3388 sunus
886 3345 953 3387 non
969 3325 1092 3407 praebet
1107 3334 1188 3389 terra
1203 3324 1406 3407 sepulchrum
1419 3347 1428 3400 ;

534 3425 645 3488 Bestia
660 3424 718 3487 scd
733 3424 855 3508 rapidis
871 3425 1034 3508 discerpet
1047 3424 1180 3489 rictibus
1196 3434 1297 3503 atrox,

534 3527 580 3588 Et
595 3527 760 3589 volucrum
776 3525 892 3609 pariter
907 3535 1088 3592 truncatum
1104 3536 1205 3591 rostra
1218 3527 1385 3594 lacessent.

538 3626 593 3690 Sic
609 3626 678 3703 luit,
692 3637 729 3689 ut
743 3646 840 3689 verax
854 3627 936 3690 satur
951 3647 1097 3690 sermone
1113 3626 1282 3693 sacerdos:

538 3728 665 3790 Tunere
679 3737 840 3792 transacto
856 3739 973 3790 tectum
989 3728 1121 3791 sablone
1136 3728 1281 3806 cadaver,

538 3830 662 3891 Rursus
676 3848 769 3891 mane
785 3827 906 3903 rident,
920 3838 1086 3911 rumpente
1102 3830 1291 3911 crepuscula
1304 3830 1388 3907 luce,

539 3931 663 3995 Belluis
676 3932 828 3993 effossum
842 3931 968 3995 lunesto
984 3951 1100 4014 corpus
1116 3932 1156 3995 ab
1171 3941 1271 4009 antro,

538 4033 585 4096 lit
598 4032 763 4095 volucrum
776 4033 876 4097 rictus
890 4044 976 4095 artus
989 4032 1145 4097 lacerasse
1158 4032 1325 4097 nefandos.

537 4132 621 4195 Tum
635 4132 756 4215 passim
770 4132 884 4214 populi
898 4130 1073 4196 credebant
1086 4154 1156 4197 esse
1171 4133 1372 4217 prophetam,

537 4234 626 4296 Dum
641 4233 726 4295 celer
739 4234 871 4296 effectus
885 4252 989 4295 rerum
1005 4234 1188 4314 spectacula
1201 4234 1325 4315 pandit.

535 4336 656 4397 Omnes
671 4333 817 4397 certatim
832 4333 887 4417 qui
903 4334 984 4397 sanis
999 4333 1091 4399 thura
1105 4334 1257 4401 litabant:

535 4433 654 4498 Lurida
670 4434 801 4498 cultura
817 4434 969 4517 linquunt
983 4434 1151 4499 simulacra
1166 4445 1309 4513 vetustae,
