3759 5425
665 670 822 718 sersaoni
839 673 882 719 sn
897 671 1076 730 seramus,
1093 670 1166 717 arc.
1374 652 1439 713 288

389 829 484 885 tenus
498 818 549 886 his
569 824 757 907 perspectis,
773 826 896 890 nullum
919 824 1072 909 deinceps
1092 824 1238 906 explosa
1261 817 1440 886 collisionis

389 921 488 987 chaos
502 924 698 989 latebrosum
720 927 889 991 confracte
903 926 1109 1010 Synaloephae
1126 922 1311 989 barathrum
1332 921 1437 983 lucem

387 1022 572 1088 scandentis
588 1024 776 1106 confundat,
790 1028 960 1112 aciemque
973 1025 1113 1108 legentis
1126 1022 1293 1087 obtundat.

430 1123 543 1205 Igitur,
576 1126 730 1209 tripertita
766 1127 889 1191 heroici
926 1126 1104 1191 hexametri
1140 1121 1371 1207 perpendicula
1402 1132 1439 1185 ut

389 1224 506 1288 certius
528 1228 683 1308 cognosci
706 1240 836 1312 queant,
859 1229 994 1293 strictim
1017 1226 1263 1309 summatimque
1284 1222 1438 1307 expedire

388 1326 540 1404 conabor,
556 1326 640 1391 sicut
653 1326 761 1409 prisca
775 1340 915 1394 veterum
933 1328 1105 1393 auctoritas
1125 1324 1295 1391 tradidisse
1317 1345 1437 1388 memo·

388 1432 484 1488 ratur.
528 1426 651 1490 Videor
671 1429 781 1513 itaque
796 1428 875 1492 mihi
895 1429 960 1493 hoc
978 1425 1107 1513 planius
1128 1437 1162 1490 et
1182 1426 1324 1509 apertius
1340 1446 1437 1509 posse

388 1526 622 1609 patefeceram
643 1550 702 1612 per
722 1530 1004 1611 interrogationem
1026 1541 1059 1592 et
1079 1528 1318 1612 responsionem
1334 1547 1436 1609 paux-

386 1626 512 1691 illulum
535 1629 709 1712 reciprocis
728 1632 854 1695 vicibus
877 1632 979 1715 stylus
999 1632 1144 1708 varietur,
1167 1624 1437 1713 quemadmodum

386 1727 499 1792 beatus
524 1730 724 1812 Augustinus
749 1733 933 1815 permulta
958 1732 1111 1795 librorum
1137 1750 1272 1813 corpora
1295 1729 1358 1792 hoc
1388 1740 1439 1791 est

387 1826 645 1913 soliloquiorum,
660 1843 692 1896 ct
707 1833 760 1896 De
774 1833 877 1897 libem
891 1833 1033 1910 arbitrio,
1046 1843 1079 1898 et
1093 1852 1133 1895 eo
1145 1850 1241 1915 quem
1256 1831 1310 1893 De
1320 1829 1437 1911 magis·

385 1940 434 1993 tro
449 1932 656 2015 praetitulavit
678 1943 710 1997 et
731 1954 791 1997 sex
805 1934 896 1997 libris
917 1956 989 2019 quse
1004 1932 1045 1997 de
1068 1933 1196 1997 Musica
1211 1931 1326 1995 fecisse
1348 1952 1436 1994 com-

385 2034 553 2115 probatur:
577 2036 625 2099 vel
638 2036 783 2100 Isidorus
794 2036 921 2101 duobus
932 2037 1149 2101 voluminibus
1164 2056 1237 2119 quae
1249 2036 1437 2119 Synonyma

387 2135 437 2197 vel
463 2135 664 2221 Polyonyma
688 2136 922 2221 protitulantur.
967 2138 1065 2211 Quod
1094 2159 1196 2220 genus
1221 2136 1366 2201 dictandi
1395 2137 1437 2200 ab

385 2234 557 2301 undecima
572 2239 835 2322 appellativorum
850 2240 1018 2303 nominum
1033 2240 1143 2323 specie
1154 2240 1340 2302 translatum
1355 2259 1436 2301 reor.

388 2336 463 2399 Hoc
493 2337 605 2402 itidem
634 2340 777 2403 Junilius
809 2340 955 2404 instituta
988 2340 1156 2422 regularia,
1184 2336 1257 2422 qliu
1286 2360 1307 2402 a
1333 2340 1436 2403 Paulo

387 2436 539 2522 Syrorum
568 2441 689 2504 scholis
722 2440 846 2505 naviter
879 2443 1036 2504 instructo
1071 2439 1236 2503 didicerat.
1281 2438 1436 2503 Primasio

387 2537 482 2602 Sedis
497 2541 692 2624 Apostolicae
714 2542 865 2606 Pontifici
888 2543 1032 2605 scribens
1053 2562 1095 2604 ne
1116 2541 1223 2623 aliqua
1239 2541 1343 2626 inquit
1358 2562 1435 2604 con-

386 2638 468 2704 fusio
478 2662 535 2726 per
545 2642 806 2728 antiquariorum,
821 2654 857 2707 ut
872 2644 1002 2717 assolet,
1015 2642 1242 2726 negligentiam
1257 2641 1439 2726 proveniret

386 2743 535 2823 magistro
549 2745 588 2808 M
604 2745 754 2811 Graecam
767 2747 904 2811 litteram
921 2745 1091 2831 discipulis
1112 2744 1144 2807 D
1165 2744 1328 2828 proposui,
1343 2753 1379 2808 ut
1393 2765 1436 2808 ex

384 2843 559 2926 peregrinis
581 2846 830 2926 characteribus,
851 2856 885 2912 et
907 2847 1026 2932 quibus
1045 2847 1161 2911 Latina
1183 2845 1349 2929 Scriptura
1367 2866 1433 2909 nou

385 2943 493 3022 utitur,
518 2966 604 3008 error
628 2947 733 3010 omnis
758 2948 888 3030 penitus
917 2949 1086 3028 auferatur,
1111 2946 1225 3010 melius
1254 2945 1374 3030 quippe
1404 2955 1436 3008 et

385 3045 531 3126 sagacius
542 3047 605 3111 hoc
617 3061 803 3130 argumento
815 3051 902 3113 velut
914 3049 1108 3133 quibusdam
1120 3049 1246 3112 cotibus
1258 3049 1435 3112 animorum

384 3145 515 3228 ingenia
539 3160 705 3213 acuuntur.
752 3149 880 3215 Idcirco
905 3151 1128 3235 pretermissis
1152 3150 1346 3235 reliquorum
1369 3169 1436 3211 me·

384 3257 502 3311 trorum
517 3249 698 3330 generibus,
713 3272 785 3336 quse
802 3253 946 3316 centenis
962 3252 1150 3315 redemtum
1172 3251 1346 3333 speciebus
1359 3248 1436 3312 diri·

385 3356 525 3429 muntur,
537 3351 816 3433 praestantissimas
831 3351 983 3436 dactylici
1000 3352 1177 3415 hexametri
1195 3353 1332 3431 regulas,
1347 3350 1436 3434 quod

385 3459 570 3514 caeterorum
591 3473 696 3516 arcem
720 3464 754 3517 et
769 3453 887 3517 insulas
910 3450 1068 3536 possidet,
1092 3451 1255 3535 praedictis
1274 3451 1436 3513 literarum

384 3549 623 3617 characteribus
637 3552 766 3618 vicatim
780 3565 812 3618 et
826 3554 1007 3618 alternatim
1022 3552 1138 3636 positis
1152 3551 1341 3635 pandamus.

428 3652 471 3715 D.
495 3653 582 3726 Quot
596 3664 672 3718 sunt
692 3675 811 3738 genera
824 3674 972 3718 versuum
986 3652 1019 3715 in
1035 3651 1195 3735 dactylico
1215 3661 1315 3714 metro
1325 3651 1434 3714 r-M.

386 3752 548 3836 Quinque.

428 3852 470 3917 D.
495 3856 592 3927 Quod
614 3865 664 3920 est
685 3857 880 3942 dactylicum
905 3853 1159 3920 metrumi-M.
1182 3851 1279 3926 Quod
1307 3862 1437 3917 constat

385 3953 513 4039 dactylo
528 3967 560 4020 et
575 3956 741 4040 spondaeo.

427 4057 470 4119 D.
489 4058 607 4122 Nonne
618 4059 804 4142 plerumque
816 4056 948 4120 ultimus
962 4077 1020 4140 pes
1031 4057 1174 4120 uochaeo
1184 4054 1371 4117 terminatur
1377 4049 1435 4114 l-

383 4159 432 4221 Μ.
466 4159 551 4231 Quia
579 4160 737 4234 nonnulli,
763 4159 902 4222 metricae
933 4158 1009 4220 artis
1039 4157 1155 4242 peritia
1183 4153 1323 4240 praediti,
1348 4153 1435 4217 hunc

384 4258 500 4344 pedem
529 4260 571 4324 de
601 4281 694 4323 versu
724 4258 965 4324 excludendum
995 4269 1198 4336 censuerunt,
1224 4256 1300 4340 quia
1329 4254 1435 4319 omnis

383 4362 508 4445 syllaba
522 4361 555 4424 in
572 4362 684 4426 ultimo
704 4383 796 4426 versu
817 4359 1011 4443 adiaphoros
1031 4371 1090 4436 est,
1105 4359 1140 4422 id
1154 4368 1204 4422 est
1217 4356 1435 4421 indifferenter

383 4463 547 4548 accipitur,
569 4484 630 4528 nec
656 4463 787 4528 interest
811 4471 916 4526 riuum
943 4461 1133 4544 corripiatur
1161 4481 1202 4524 sn
1228 4457 1432 4542 producatur.

386 4564 482 4630 Unde
501 4588 521 4631 a
541 4565 736 4650 quibusdam
751 4566 885 4629 vitiosus
900 4583 1008 4626 versus
1030 4574 1159 4646 putatur
1179 4560 1234 4646 qui
1256 4560 1431 4624 trochaeum
