3759 5425
453 678 489 735 16
808 692 833 734 s.
849 690 1024 736 annuatur
1042 689 1144 735 emsa

448 865 517 906 rum
541 845 640 925 gloria
663 844 711 907 rel
736 846 860 908 succini
889 843 1058 908 dracontia
1083 841 1319 928 quodammodo
1344 842 1498 904 vilescere

448 944 617 1009 videbitur.
663 945 734 1008 Has
749 967 823 1008 vero
844 945 1014 1008 distinctas
1034 946 1178 1008 eolomm
1194 944 1372 1020 variantes,
1386 954 1419 1006 et
1432 964 1498 1005 me·

448 1045 594 1109 tallorum
618 1046 741 1130 species
763 1067 821 1128 pro
843 1045 1002 1126 augendis
1021 1056 1054 1108 et
1073 1045 1312 1128 amplificandis
1332 1044 1498 1128 pudicitiae

447 1147 566 1209 meritis
596 1160 775 1232 assumptas
804 1168 860 1231 per
889 1147 1060 1228 Allegon’ae
1090 1148 1232 1230 regulam
1266 1145 1438 1221 rimamini,
1467 1156 1500 1206 et

448 1248 591 1330 mysticis
613 1259 738 1332 patrum
761 1248 1044 1332 explanationibus
1065 1269 1123 1332 per
1145 1248 1289 1331 typicum
1310 1244 1498 1329 tropologiae

448 1349 636 1412 scrutinium
653 1349 849 1414 scrutamini.

490 1449 582 1512 XVI.
607 1449 710 1530 Igitur
734 1471 808 1513 vera
836 1461 869 1513 at
897 1471 963 1513 non
993 1451 1104 1516 frivola
1130 1451 1276 1516 delicatas
1298 1447 1501 1530 virginitatis

448 1549 557 1630 gloria,
566 1571 641 1613 vera
656 1561 688 1613 et
701 1572 767 1613 non
783 1552 863 1615 falsa
876 1551 1068 1616 humilitatis
1083 1554 1208 1616 cautela
1222 1562 1352 1628 tutetur,
1360 1559 1393 1612 et
1408 1549 1500 1632 quasi

447 1651 617 1714 tenerrima
638 1651 756 1714 nobilis
778 1652 921 1716 infantiae
943 1654 1078 1717 lascivia
1099 1653 1178 1716 duro
1201 1653 1378 1737 disciplinae
1399 1649 1499 1735 peda·

449 1750 544 1833 gogio
568 1752 752 1830 refrenetur,
779 1754 855 1837 quia
877 1754 1040 1818 incassum
1067 1754 1107 1818 de
1132 1756 1203 1818 sola
1225 1753 1384 1838 pudicitia
1408 1772 1500 1814 mens

329 1861 335 1868 '
449 1852 622 1930 extollitur,
646 1876 717 1938 qum
744 1865 776 1918 et
801 1855 947 1919 elationis
964 1855 1075 1938 jaculo
1097 1858 1298 1931 vulneratum
1330 1867 1363 1918 et
1384 1854 1502 1917 dustra

449 1953 578 2037 spiritus
589 1953 629 2017 de
640 1954 830 2038 integritatis
842 1957 944 2038 gratia
953 1967 1104 2038 gratatur,
1112 1959 1140 2022 si
1151 1957 1304 2020 tumentis
1314 1955 1501 2036 arrogantie

450 2056 575 2138 spiculo
591 2059 761 2121 sauciatur·
806 2060 957 2144 Denique
972 2062 1171 2145 plerumque,
1186 2072 1223 2124 ut
1236 2059 1364 2144 experti
1379 2078 1502 2135 sumus,

450 2157 605 2220 eastitatis
620 2158 817 2222 conscientia
832 2161 980 2223 clationis
994 2162 1138 2244 pulsatur
1153 2156 1301 2237 κενοδὸξια,
1315 2168 1349 2222 et
1361 2157 1449 2222 unde
1464 2178 1501 2220 se

450 2260 575 2343 adeptae
591 2261 767 2326 sanctitatis
782 2263 894 2325 merito
909 2264 1158 2347 praestantiorem
1171 2264 1295 2327 eaeteris
1306 2261 1339 2324 in
1349 2258 1504 2322 Ecclesia

451 2361 602 2425 fidelibus
623 2363 794 2446 opinatur3
823 2364 899 2428 inde
921 2363 1031 2429 debito
1052 2364 1357 2446 recompensationis
1380 2361 1504 2423 emolu-

451 2474 558 2527 mento
574 2463 779 2540 fraudabitur,
789 2477 821 2528 et
834 2467 987 2530 laboriosi
998 2468 1179 2531 certaminis
1193 2468 1302 2551 palma
1314 2462 1504 2548 privabitur.

451 2568 528 2630 Non
551 2567 636 2630 enim
660 2587 771 2630 omnes
793 2568 844 2630 bis
867 2568 983 2652 quinas
1005 2571 1171 2651 Virginum
1194 2578 1340 2632 catervas
1361 2563 1505 2629 coelestis

451 2668 562 2752 sponsi
592 2667 731 2732 thalamo
761 2667 967 2753 recipiendas
995 2682 1028 2735 et
1052 2671 1122 2756 pari
1151 2670 1291 2756 tripudio
1316 2670 1350 2733 in
1377 2666 1506 2732 coelesti

332 2802 334 2808 ,
451 2772 552 2855 gloria
578 2770 825 2854 gratulabundas
850 2773 1070 2855 Evangelieus
1093 2795 1196 2836 sermo
1220 2770 1421 2855 spospondit,
1443 2767 1506 2831 sed

450 2874 522 2936 illas
536 2883 658 2935 tantum
675 2893 747 2957 quae
766 2874 906 2936 coruscis
928 2873 1092 2958 pudicitiae
1112 2872 1313 2958 lampadibus
1328 2883 1360 2935 et
1373 2868 1506 2953 lychnis

451 2974 523 3036 oleo
539 2973 733 3036 castimoniae
749 2975 1019 3057 conflagrantibus
1030 2977 1194 3059 sponsalia
1204 2985 1365 3039 servantes
1375 2971 1508 3035 decreta

452 3094 591 3158 superno
611 3073 776 3156 repedanti
796 3095 913 3157 sponso
936 3076 1084 3139 smliciter
1102 3098 1269 3139 occurrere
1288 3075 1505 3137 merebuntur.

453 3178 525 3250 Qua
539 3176 579 3239 de
594 3198 627 3239 re
642 3178 894 3262 operaepretium
906 3179 1348 3266 videtur,utpriusnequitiae
1360 3177 1508 3261 gramina

452 3286 486 3341 et
500 3276 647 3341 elationis
666 3278 780 3341 fruteta
800 3277 944 3343 funditus
959 3282 1144 3360 evellantur,
1161 3291 1192 3344 et
1205 3279 1365 3343 uberrima
1381 3276 1507 3341 arboris

452 3376 602 3441 maliferae
617 3376 775 3459 plantaria
789 3378 913 3440 florenti
928 3378 1040 3443 fronde
1057 3378 1290 3443 foecundentur.
1336 3378 1507 3449 Quatenus

453 3478 619 3563 extirpatis
634 3478 780 3541 citiorum
796 3480 960 3543 fomitibus
975 3492 1008 3543 et
1022 3481 1119 3545 erutis
1139 3482 1325 3565 passionum
1339 3478 1508 3543 radicibus

452 3580 631 3645 fructiferos
652 3578 802 3641 virtutum
827 3580 972 3641 surculos
997 3579 1157 3662 pastinare
1181 3578 1310 3642 Christo
1336 3579 1507 3660 plantante

451 3683 620 3766 possimus.
642 3680 730 3762 Ergo
739 3701 944 3764 nequaquam
954 3680 1260 3762 carnalisiutegritas
1269 3680 1509 3763 comprobatur,

452 3786 515 3849 nisi
541 3803 673 3847 consors
696 3782 870 3865 spiritualis
892 3781 1084 3845 castimonia
1105 3782 1281 3846 comitetur.
1327 3780 1425 3845 Unde
1447 3799 1509 3842 vas

453 3883 618 3946 electionis
643 3890 679 3943 ut
703 3884 758 3959 sit,
779 3882 895 3964 inquit,
916 3888 1032 3946 scitoto
1061 3904 1191 3963 corpore
1215 3892 1247 3947 et
1272 3885 1404 3964 spiritu.
1447 3881 1507 3944 En

453 3981 648 4067 apostolicis
664 3981 884 4047 manifestatur
897 3985 1045 4061 vocibus,
1059 3984 1146 4068 quod
1166 3987 1236 4049 sola
1255 3986 1393 4049 carnalis
1409 3981 1507 4070 pudi-

453 4084 536 4147 citiae
550 4081 736 4147 immunitas
748 4083 886 4147 coelestis
901 4085 991 4167 regni
1006 4086 1143 4149 claustra
1157 4106 1295 4149 reserare
1308 4095 1457 4170 nequeat,
1472 4096 1509 4148 et

453 4186 594 4250 solitaria
603 4206 808 4270 nequaquam
818 4187 957 4268 paradisi
969 4188 1092 4250 valvam
1108 4186 1272 4251 recludere
1284 4188 1396 4264 traleat,
1407 4206 1508 4270 quem

455 4284 621 4350 Cherubin
638 4288 802 4371 romphaea
816 4289 954 4352 versatili
976 4298 1010 4351 et
1028 4290 1217 4353 flammifera
1237 4291 1435 4354 conclusisse
1454 4310 1508 4351 re-

455 4389 642 4472 capitulatio
669 4390 836 4453 Geneseos
860 4392 1060 4472 originaliter
1089 4390 1241 4471 declarat,
1264 4394 1328 4457 nisi
1353 4394 1507 4477 utrinque

454 4489 576 4574 duplex
599 4493 811 4556 sanctimonia
836 4493 1037 4557 concorditer
1061 4495 1243 4560 candescat.
1290 4495 1386 4560 Unde
1407 4494 1509 4575 idem,
