3759 5425
655 692 810 742 srrsrons
827 699 869 742 so
884 694 1058 753 scrucrnsr,
1075 698 1147 744 nro.
1365 682 1426 745 971

705 867 847 913 murana
863 867 1100 913 Potrsrrcflorr.

790 953 842 1016 De
859 952 1025 1015 ornatura.

467 1050 635 1126 Conditor,
651 1054 766 1119 eternis
780 1056 869 1119 firlsit
883 1056 940 1139 qui
954 1056 1052 1119 saecla
1065 1056 1235 1132 columnis,

465 1152 585 1216 Rector
597 1174 768 1236 regnorum
782 1155 920 1220 sraenans
934 1167 968 1221 et
981 1156 1116 1220 fulmina
1129 1158 1213 1238 lege,

465 1255 610 1321 Pendula
625 1257 699 1321 dum
715 1260 817 1343 patuli
833 1270 997 1323 vertuntur
1010 1260 1152 1323 culmina
1165 1259 1288 1337 mundi,

464 1356 522 1419 Me
537 1358 654 1422 variam
669 1359 747 1423 fecit
760 1360 864 1444 primo
880 1360 957 1423 dum
972 1358 1126 1426 conderet
1140 1363 1261 1425 orbem.

463 1457 602 1540 Pervigil
617 1462 767 1525 excubiis
781 1480 946 1545 nunquam
962 1461 1098 1525 dormire
1108 1462 1245 1547 juvabit,

465 1563 531 1627 Sed
546 1574 651 1628 tamen
667 1566 832 1649 extemplo
847 1564 1042 1629 clauduntur
1055 1566 1179 1629 lumina
1193 1585 1317 1629 somno.

464 1665 548 1728 Nam
563 1664 656 1730 Deus
670 1677 706 1730 ut
719 1666 850 1750 propria
864 1666 1020 1729 mundum
1037 1665 1157 1729 ditione
1173 1667 1338 1748 gubernat,

465 1764 517 1829 Sic
533 1785 594 1847 ego
608 1768 806 1850 complector
821 1768 881 1830 sub
897 1766 973 1831 coeli
989 1766 1121 1831 cardine
1135 1776 1261 1831 cuncta

463 1865 599 1948 Segnior
613 1878 662 1931 est
675 1868 794 1944 nullus,
809 1867 961 1951 quoniam
976 1888 1028 1929 me
1042 1868 1163 1930 larvula
1179 1875 1284 1945 terret,

464 1967 609 2049 Setigero
624 1988 731 2031 rursus
746 1978 900 2032 constans
914 1968 1068 2032 audacior
1081 1988 1170 2053 apro.

464 2068 582 2131 Nullus
596 2090 648 2132 ure
663 2080 793 2153 superat
807 2068 941 2153 cupiens
957 2068 1075 2131 vexilla
1088 2069 1253 2152 triumphi,

464 2169 509 2231 Ni
524 2170 614 2234 Deus
629 2170 751 2233 aethrali
766 2190 909 2233 summus
924 2170 980 2255 qui
994 2181 1107 2252 regnat
1121 2171 1155 2233 in
1170 2191 1251 2234 arce.

463 2270 596 2333 Prorsus
611 2270 743 2335 odorato
760 2272 850 2335 thure
865 2272 1051 2353 fragrantior
1064 2272 1177 2335 halans

463 2371 625 2435 Olfactum
640 2372 830 2449 Ambrosias,
845 2392 973 2435 necnon
988 2372 1165 2435 crescentia
1181 2372 1294 2453 glebae.

463 2473 545 2537 Lilia
554 2473 723 2559 purpureis
738 2493 871 2557 possum
886 2493 1037 2537 connexa
1050 2471 1165 2536 rosetis

463 2575 609 2653 Vincere,
624 2574 775 2663 spirantis
789 2574 880 2638 nardi
895 2573 1068 2637 dulcedine
1082 2574 1196 2656 plena:

463 2678 559 2740 Nunc
574 2675 660 2740 olida
675 2674 761 2741 coeni
776 2674 951 2760 squalentis
967 2672 1060 2738 sorde
1075 2684 1233 2763 putresco.

464 2779 580 2842 Omnia
594 2798 730 2862 quaeque
745 2778 821 2860 polo
836 2785 911 2840 sunt
925 2777 1034 2840 subter
1048 2786 1081 2840 et
1095 2797 1157 2840 axe
1171 2785 1334 2858 reguntur.

463 2878 549 2941 Dum
564 2889 654 2962 pater
667 2879 847 2942 arcitenens
863 2877 1033 2953 concessit,
1043 2876 1116 2961 jure
1130 2878 1283 2958 guberno.

462 2979 599 3044 Grossas
613 2989 646 3043 et
660 2979 796 3062 graciles
810 2999 916 3042 rerum
932 2999 1124 3061 comprenso
1139 2977 1269 3059 figuras,

462 3081 564 3144 Altior
578 3101 618 3144 en
634 3081 714 3144 caelo
728 3081 826 3144 rimor
840 3089 965 3144 secreta
978 3079 1145 3157 Tonantis,

461 3183 506 3246 Et
520 3193 628 3246 tammr
642 3182 773 3247 inferior
787 3183 878 3246 terris
892 3193 975 3246 tetra
988 3183 1122 3247 Tartara
1136 3203 1244 3246 cerno.

462 3284 547 3348 Nam
563 3284 669 3347 senior
682 3282 805 3348 mundo
819 3283 973 3367 praecessi
987 3295 1130 3368 tempora
1144 3283 1269 3366 priscs3

462 3385 550 3450 Ecce
564 3397 672 3449 tamen
687 3386 797 3449 matris
812 3385 913 3450 horna
927 3385 1102 3468 generabar
1115 3385 1158 3448 ab
1172 3385 1253 3448 alvo.

460 3486 605 3550 Pulcrior
619 3488 736 3551 auratis
751 3486 828 3550 dum
842 3487 944 3570 fulget
957 3483 1057 3549 fibula
1070 3485 1187 3562 bullis3

469 3586 638 3650 Horridior
651 3587 803 3666 rhamnis,
818 3598 850 3651 et
864 3586 979 3670 spretis
992 3586 1084 3648 vilior
1098 3584 1187 3666 algis.

461 3687 569 3752 Latior
583 3711 625 3753 en
639 3689 760 3773 patulis
774 3700 925 3754 terrarum
941 3687 1063 3750 finibus
1077 3696 1166 3764 exto,

460 3790 506 3854 Et
519 3801 626 3854 tamen
641 3791 676 3853 in
691 3789 797 3854 media
811 3787 989 3853 concludor
1002 3797 1092 3870 parte
1105 3786 1233 3871 pugilli.

460 3891 619 3975 Frigidior
632 3891 766 3969 brumis,
779 3912 906 3954 necnon
922 3889 1080 3954 candente
1094 3891 1219 3972 pminu,

463 3993 545 4058 Cum
561 3994 622 4058 sim
637 3994 776 4059 Vulcani
791 3993 929 4058 flammis
944 3992 1136 4056 torrentibus
1151 3991 1275 4054 ardens.

461 4095 594 4159 Dulcior
608 4096 641 4159 in
657 4097 765 4178 palato
781 4116 877 4179 quam
892 4094 972 4158 lenti
985 4094 1123 4158 nectaris
1136 4092 1279 4156 haustus.

462 4198 571 4262 Dirior
585 4208 618 4262 et
631 4219 738 4262 rursus
754 4217 850 4282 quam
866 4197 980 4278 glauca
995 4195 1156 4259 absinthia
1170 4193 1286 4278 campi.

460 4299 585 4363 Mando
601 4298 700 4383 dapes
713 4298 851 4362 mordax
866 4299 1026 4360 lurcorum
1041 4316 1129 4358 more
1144 4295 1336 4379 Cyclopum,

462 4399 545 4464 Cum
559 4401 680 4484 possim
690 4400 812 4485 jugiter
827 4400 896 4463 sinc
911 4397 996 4460 victu
1013 4397 1115 4460 vivere
1130 4396 1228 4460 felix:

463 4501 540 4568 Plus
555 4504 673 4586 pernix
689 4501 817 4584 aquilis,
832 4498 974 4582 Zephyri
988 4498 1127 4563 velocior
1142 4498 1212 4575 slis,
