3759 5425
658 685 701 730 nu
718 685 882 732 muninus
897 684 1134 731 vrnouurarrs.
1402 670 1423 726 9

366 847 538 902 venustate
561 838 715 912 rubescit,
736 859 824 902 nunc
851 839 969 921 glauco
994 837 1112 901 coloris
1137 837 1238 898 virore
1264 836 1425 918 fulgescit,

366 951 425 1003 aut
439 941 523 1004 flava
543 942 611 1004 auri
632 941 739 1024 specie
759 940 965 1025 splendescit
1011 940 1113 1023 Cujus
1135 938 1261 1002 decoris
1282 938 1424 1019 dignitas

367 1043 458 1106 baud
486 1045 600 1106 frustra
622 1041 767 1124 virginali
793 1043 936 1106 iormulae
960 1052 1142 1126 comparata
1166 1041 1287 1123 reliqua
1311 1038 1425 1102 mundi

369 1145 550 1229 crepundia
564 1145 749 1221 contemnit,
765 1155 798 1208 et
812 1145 978 1227 phalerata
999 1143 1109 1207 saeculi
1129 1154 1315 1206 ornamenta
1333 1140 1424 1224 parvi

369 1244 494 1327 pendit.
541 1245 710 1329 Siquidem
739 1247 853 1308 beatus
882 1247 1081 1326 Augustinus
1105 1246 1141 1306 in
1167 1244 1251 1307 libro
1277 1243 1425 1308 Civitatis

370 1349 446 1425 Dei,
464 1348 554 1433 quod
576 1351 677 1433 pulpa
697 1349 831 1432 pavonis
853 1349 1062 1432 imputribilis
1081 1357 1205 1412 naturae
1226 1348 1278 1427 sit,
1298 1347 1424 1430 experi-

371 1449 490 1511 mentis
504 1470 540 1511 se
556 1451 780 1531 comprobasse
796 1459 937 1512 testatur.
974 1451 1061 1512 Nam
1073 1451 1221 1512 arborum
1236 1447 1425 1511 silvestrium

371 1560 497 1628 natura,
519 1551 733 1634 foliorumque
755 1552 941 1616 infoecunda
964 1550 1115 1631 viriditas,
1137 1562 1193 1615 aut
1219 1552 1426 1616 succulentus

371 1652 544 1714 herbarum
574 1652 766 1715 terrestrium
796 1653 973 1717 cauliculus
1001 1654 1225 1730 contemnitur,
1247 1673 1320 1716 cum
1349 1672 1425 1735 pur·

373 1753 465 1837 purei
490 1762 522 1815 et
545 1753 717 1816 rubicundi
745 1755 840 1818 flores
870 1774 913 1816 ex
941 1754 1022 1836 ipsis
1050 1754 1208 1836 lignorum
1237 1751 1427 1816 ramusculis

374 1855 491 1931 exorti,
515 1875 573 1916 seu
596 1855 758 1917 vernantis
782 1855 865 1938 prati
889 1855 1046 1918 olusculis
1073 1855 1231 1938 progeniti
1260 1852 1427 1936 pulchrius

372 1954 548 2016 rubescant
562 1962 595 2016 et
610 1955 699 2017 suavi
715 1954 821 2018 odoris
836 1955 1004 2036 flagrantia
1018 1953 1145 2017 dulcius
1160 1954 1338 2028 redoleant,
1352 1971 1427 2016 cum

375 2064 502 2117 constet
515 2075 558 2116 ex
573 2055 705 2118 floribus
726 2049 876 2120 secutura
897 2055 1056 2119 fructuum
1076 2056 1291 2118 emolumenta
1306 2053 1427 2117 exube-

373 2171 462 2220 rante
487 2157 594 2220 reditu
615 2167 649 2220 et
669 2159 839 2242 multiplici
862 2171 977 2242 questu
997 2159 1182 2221 mirabiliter
1205 2166 1428 2219 maturescere.

373 2259 573 2324 Frondentia
600 2281 674 2322 sero
704 2262 903 2324 surculorum
939 2261 1018 2324 folia
1046 2270 1081 2323 et
1108 2260 1230 2344 spissos
1260 2258 1427 2341 palmitum

375 2365 548 2447 pampinos
580 2374 726 2428 cessante
754 2365 906 2428 librorum
932 2384 1031 2428 succo
1056 2360 1279 2425 miserabiliter
1307 2379 1427 2422 marce-

376 2485 476 2542 scere,
501 2475 535 2528 et
561 2465 681 2528 torrido
706 2463 896 2529 adventante
920 2463 1065 2529 autumni
1090 2463 1212 2526 fervore
1237 2462 1270 2523 iu
1297 2459 1427 2524 modum

376 2567 578 2632 densissimae
598 2570 712 2651 stragis
734 2569 918 2633 catervatim
938 2567 1063 2632 cadere.
1108 2569 1196 2642 Non,
1217 2566 1363 2649 iuquam,
1384 2565 1430 2629 ita

376 2668 548 2734 laudandae
564 2671 763 2752 Virginitatis
780 2673 961 2737 sublimitas
976 2670 1068 2756 quasi
1088 2670 1243 2754 precelsa
1256 2669 1383 2732 Pharus
1394 2668 1429 2732 in

378 2770 462 2835 edito
472 2774 563 2856 rupis
574 2774 791 2857 promontorio
800 2775 907 2857 posita
917 2772 1128 2857 splendescit,
1140 2782 1176 2833 ut
1186 2779 1274 2833 arcta
1288 2768 1431 2853 conjugii

378 2874 591 2953 continentia,
601 2874 657 2958 qui
668 2875 828 2939 secundus
843 2885 892 2939 est
903 2875 1032 2957 gradus,
1040 2873 1172 2937 omnino
1182 2870 1314 2935 inferius
1325 2882 1431 2954 spreta

378 2976 523 3055 vilescat,
543 2997 601 3039 seu
620 2977 768 3059 legitimae
784 2976 963 3060 jugalitatis
982 2975 1176 3040 foecunditas
1197 2974 1240 3037 ob
1258 2973 1430 3037 liberorum

378 3077 596 3159 posteritatem
612 3087 739 3160 sumpta
756 3078 940 3144 notabiliter
959 3076 1162 3160 squallescat,
1176 3096 1237 3137 nec
1252 3074 1285 3135 in
1300 3094 1430 3157 compa·

378 3178 502 3240 ratione
525 3177 748 3261 hujuscemodi
770 3180 891 3241 bouum
916 3177 1118 3241 dehonestari
1140 3176 1245 3252 rideo,
1262 3174 1320 3238 sed
1342 3174 1431 3258 quod

380 3279 495 3342 melius
509 3289 559 3342 est
572 3280 763 3363 propensius
777 3279 901 3343 laudari
918 3300 1044 3343 censeo.

417 3382 459 3443 X.
482 3380 529 3444 Et
538 3390 644 3444 tameo
656 3381 845 3464 plerumque
858 3378 951 3463 (prob
963 3379 1065 3459 dolor)
1077 3380 1253 3444 immutatis
1264 3377 1432 3441 ordinibus

381 3501 472 3545 versa
487 3482 557 3544 ricc
572 3482 757 3563 contingere
773 3482 864 3558 solet,
879 3493 915 3543 ut
929 3479 1087 3543 inferioris
1101 3482 1176 3545 vitoe
1192 3478 1308 3562 gradm
1327 3499 1431 3561 usque

383 3603 511 3665 qusque
533 3583 688 3664 paulatim
709 3580 895 3665 proficiens,
911 3580 1107 3664 superiorem
1126 3582 1233 3665 tepide
1253 3590 1432 3661 torpentem

381 3694 600 3766 praeoccupet,
615 3692 648 3746 et
662 3682 822 3746 acerrimae
837 3682 966 3745 stimulo
983 3680 1240 3765 compunctionis
1254 3680 1433 3760 instigatus,

384 3782 505 3847 dudum
526 3784 721 3866 superiorem
741 3783 806 3845 voti
826 3803 962 3866 compos
976 3783 1130 3844 victorem
1149 3778 1315 3859 anticipet,
1330 3778 1435 3862 etqui

383 3885 629 3949 existimabatur
653 3884 818 3967 praeteritae
840 3882 1091 3947 conversationis
1111 3881 1307 3963 negligentia
1327 3891 1435 3964 poste-

384 3986 456 4061 rior,
472 3984 629 4067 deinceps
645 3984 773 4049 Dirinae
790 3984 954 4047 charitatis
974 3986 1102 4047 flamma
1122 4003 1299 4046 succensus
1318 3982 1436 4045 existat

385 4087 533 4161 anterior,
547 4086 755 4167 Evangelicae
776 4085 986 4148 reminiscens
1006 4085 1190 4148 sententiae:
1215 4084 1280 4145 Cui
1293 4084 1434 4144 inultum

385 4187 578 4264 dimittitur,
593 4187 732 4249 multam
749 4186 871 4265 diligit,
885 4194 917 4246 et
931 4182 988 4264 qui
1008 4190 1194 4263 contempta
1215 4178 1327 4242 muudi
1346 4179 1436 4241 blan·

386 4287 527 4350 dimenta
548 4286 637 4349 velut
658 4282 900 4369 quisquiliarum
927 4281 1110 4365 peripsema
1130 4280 1285 4361 respueris
1307 4299 1344 4341 ac
1368 4298 1435 4341 car·

387 4390 466 4453 nalis
480 4389 577 4451 luxus
590 4387 753 4450 lenocinia
767 4384 960 4461 refutans,in
969 4392 1080 4445 sancto
1096 4379 1260 4464 proposito
1270 4397 1438 4442 successor

389 4490 537 4554 extiterat
565 4497 693 4571 sumpto
724 4484 854 4549 viriliter
883 4494 980 4547 castae
1010 4479 1260 4546 conversationis
1290 4477 1435 4543 tirocinio
