3759 5425
478 705 520 765 66
837 719 863 764 s.
879 715 1056 764 annuatur
1071 718 1173 764 mauu

477 869 534 936 sia
549 869 742 955 sequipedas
755 873 789 935 in
803 873 942 938 latebras
952 875 1115 938 lautumiae
1126 871 1187 936 diri
1199 878 1331 934 tortores
1343 869 1530 944 detrudunt,

478 971 595 1056 quihus
609 974 704 1038 beata
717 975 888 1040 Anastasia
901 997 944 1039 ne
958 977 1113 1040 famelica
1129 974 1316 1058 frugalitatis
1333 972 1531 1056 parsimonia

478 1071 664 1153 delicerent,
686 1075 847 1140 alimoniae
872 1077 1065 1162 stipendium
1094 1085 1127 1140 et
1152 1074 1245 1160 stipis
1267 1073 1409 1137 edulium
1435 1073 1529 1136 exhi·

477 1172 571 1252 bens,
589 1174 754 1240 lautumiae
780 1177 942 1242 liminibus
967 1179 1105 1242 libenter
1131 1176 1289 1240 harescit.
1333 1174 1424 1238 Exin
1444 1195 1529 1257 prae-

478 1273 575 1339 dictae
604 1297 740 1357 sorores,
768 1280 915 1345 Dulcitio
944 1280 1144 1344 Dioclesiaui
1179 1278 1334 1363 Satrapa,
1362 1277 1425 1339 uisi
1453 1275 1530 1338 Diis

478 1375 646 1441 thimiama
678 1378 909 1456 thurificarent,
938 1379 1124 1465 torquenda
1160 1379 1335 1444 traduntur.
1385 1379 1530 1451 Quarum

478 1479 649 1544 formosam
673 1483 779 1546 vultus
807 1491 1016 1558 venustatem,
1041 1505 1107 1547 uon
1136 1482 1232 1546 stibio
1258 1483 1450 1557 conlectam,
1476 1481 1527 1542 vel

480 1581 660 1644 calamistro
679 1582 768 1646 cirris
786 1584 1003 1667 crispantibus
1024 1583 1203 1668 indeptam,
1217 1580 1275 1647 sed
1288 1582 1428 1664 genuina
1450 1601 1529 1644 con·

479 1683 642 1766 sparsione
656 1684 834 1768 ingenitam
855 1705 975 1768 praeses
996 1688 1146 1769 petulcus
1168 1686 1401 1767 contemplans,
1420 1681 1529 1746 statim

480 1782 646 1846 oculomm
658 1783 822 1848 lenocinio
838 1793 964 1869 captus,
979 1786 1013 1850 in
1027 1788 1141 1850 luxum
1158 1784 1303 1864 labescit,
1317 1792 1354 1848 ut
1368 1805 1441 1848 cera
1454 1791 1531 1846 ante

478 1884 578 1948 larem
598 1884 769 1968 liquescit;
797 1887 830 1949 iu
852 1896 975 1951 tantum
997 1887 1149 1952 videlicet
1170 1907 1258 1952 carco
1281 1886 1420 1970 carpitur
1440 1886 1530 1966 igne,

479 1997 512 2052 et
526 1987 737 2053 clandestinis
754 1989 968 2052 inflammatur
988 1990 1134 2067 stimulis,
1149 1997 1186 2053 ut
1204 1989 1404 2072 intempesta
1423 1985 1530 2050 noctis

478 2089 653 2154 conticinio
675 2090 835 2167 cellulam,
857 2091 892 2152 in
916 2113 980 2175 qua
1005 2091 1144 2175 praefatas
1169 2091 1318 2172 Virgines
1342 2087 1531 2174 psalmodiae

479 2199 671 2254 concentum
685 2191 902 2269 celebrabant,
916 2193 1072 2256 violenter
1084 2192 1259 2276 irrumpere
1277 2212 1342 2254 non
1362 2201 1531 2266 vereretur,

479 2291 537 2355 ubi
560 2301 678 2356 cuncta
698 2292 816 2356 culiae
840 2295 1011 2376 suppellex
1030 2301 1063 2356 et
1081 2313 1252 2357 numerosa
1273 2313 1422 2356 cocorum
1436 2301 1530 2354 uten-

479 2393 553 2457 silia
573 2393 789 2458 servabantur.
832 2395 918 2457 Mox
944 2395 1033 2460 furiis
1059 2395 1195 2458 vesania²
1220 2403 1397 2478 correptus,
1420 2392 1530 2475 coepit,

480 2494 573 2578 quasi
605 2493 812 2578 limphaticus
841 2497 892 2558 vel
921 2493 1093 2560 freneticus
1128 2495 1311 2578 denigratos
1346 2495 1466 2558 lebetes
1495 2505 1529 2556 et

480 2595 637 2660 furviores
659 2595 792 2678 fuligine
815 2596 954 2660 cacabos
977 2595 1148 2678 complecti
1172 2603 1331 2677 tetrasque
1355 2594 1531 2675 sartagines

479 2700 632 2778 bassiare,
645 2699 679 2765 in
694 2699 812 2785 quibus
833 2698 890 2763 diu
911 2698 1072 2783 strophosi
1092 2697 1224 2763 fautoris
1240 2696 1393 2761 instinctu
1413 2695 1529 2762 debac-

481 2803 609 2879 chatus,
619 2814 652 2865 et
664 2800 836 2865 ridiculoso
851 2800 990 2864 ludibrio
1004 2798 1189 2863 ludificatus
1204 2797 1349 2861 abscedit
1364 2808 1396 2861 et
1409 2818 1529 2881 nequa-

481 2922 579 2987 quam
593 2904 719 2979 effecta,
733 2903 792 2967 sed
805 2904 915 2967 effrata
926 2903 1088 2966 voluntate
1102 2912 1167 2965 tam
1183 2900 1325 2985 corporis
1340 2898 1530 2965 habitudine

480 3005 663 3081 cacabatus,
689 3024 786 3087 quam
811 3005 928 3069 mentis
956 3007 1069 3069 morbo
1093 3004 1272 3069 maculatus
1301 3002 1470 3086 egreditur,
1497 3012 1530 3067 et

479 3104 567 3166 velut
580 3102 766 3185 AEthiopics
779 3101 975 3185 nigritudine
995 3106 1138 3169 fuscatus
1153 3125 1173 3169 a
1186 3104 1325 3188 propriis
1334 3105 1483 3188 parasitis
1498 3113 1531 3169 et

480 3201 667 3267 domesticis
686 3204 858 3268 clientibus
877 3226 943 3269 non
965 3206 1158 3287 agnoscitur.
1203 3206 1335 3269 Etenim
1357 3216 1421 3269 tarn
1440 3207 1530 3269 furva

480 3302 592 3367 bootis
605 3302 727 3384 effigies
744 3304 808 3367 sibi
827 3304 889 3369 soli
906 3306 1093 3388 patentibus
1115 3307 1281 3371 oculorum
1303 3306 1433 3370 orbibus
1451 3306 1530 3369 deli·

480 3405 575 3470 tescit
595 3416 628 3470 et
650 3405 772 3469 ceteris
793 3404 957 3470 sodalibus
977 3427 1015 3470 ae
1039 3406 1207 3471 lictoribus
1229 3406 1376 3490 patescit,
1391 3427 1531 3491 cumque

480 3506 593 3593 palatii
608 3505 800 3571 vestibulum
820 3508 1023 3584 caccabatus,
1045 3506 1219 3591 irrumpere
1241 3505 1339 3571 enixo
1361 3508 1531 3571 conamine

480 3609 644 3686 niteretur,
668 3618 704 3671 ut
730 3606 919 3693 Imperatori
950 3608 989 3672 de
1013 3609 1151 3691 irrogata
1176 3628 1344 3671 vemarum
1370 3610 1533 3673 calumnia

479 3713 580 3779 flebili
603 3711 746 3794 singultu
767 3710 1006 3795 quaerimoniam
1030 3708 1149 3788 ederet,
1165 3709 1220 3773 alii
1240 3709 1335 3773 lentis
1359 3709 1533 3773 viminibus

479 3814 651 3890 cadentes,
666 3811 720 3875 alii
735 3812 862 3896 palmis,
878 3821 910 3875 et
925 3810 1056 3893 pugillis
1069 3809 1321 3893 colaphizantes,
1333 3809 1482 3873 nonnulli
1496 3818 1534 3873 ut

479 3925 584 3980 atrum
605 3913 776 3977 nebulonis
798 3914 989 3997 phantasma
1004 3912 1213 3977 exsufflantes
1235 3913 1269 3975 in
1288 3911 1403 3975 faciem
1418 3912 1533 3996 procul

479 4015 664 4080 eliminant:
687 4014 815 4077 Ductus
829 4014 937 4097 itaque
953 4012 995 4076 ad
1016 4011 1146 4076 domum
1170 4032 1260 4077 suam
1281 4032 1410 4075 suorum
1430 4014 1533 4075 mani·

478 4121 542 4183 bus
571 4136 739 4181 vernarum
766 4114 972 4178 lamentantis
1006 4114 1165 4178 clientela
1195 4113 1330 4196 strepitu
1358 4112 1534 4195 lugubriter

480 4218 651 4303 excipitur,
671 4227 862 4281 autumnans
881 4214 1057 4292 incassum,
1079 4213 1167 4299 quod
1182 4235 1201 4277 a
1216 4214 1334 4279 Christi
1357 4215 1536 4298 tyrunculis

479 4319 607 4401 magica
620 4316 790 4401 praestigia
804 4317 1024 4380 necromantia
1037 4315 1267 4393 ludificaretur,
1276 4318 1364 4381 velut
1378 4316 1535 4381 contritus

479 4419 611 4483 coluber
632 4416 751 4498 linguis
775 4415 917 4480 trisulcis
939 4416 1081 4494 sibilans,
1104 4436 1211 4480 rursus
1234 4416 1371 4480 sublime
1394 4416 1534 4481 tribunal

477 4516 614 4595 scandit,
640 4526 676 4580 ut
705 4526 843 4594 sanctas,
873 4517 1008 4598 virgines
1038 4518 1174 4601 propriis
1199 4526 1316 4581 exutas
1343 4516 1535 4602 cycladibus
