<?xml version="1.0" encoding="UTF-8"?>
<!DOCTYPE html PUBLIC "-//W3C//DTD XHTML 1.0 Transitional//EN"
    "http://www.w3.org/TR/xhtml1/DTD/xhtml1-transitional.dtd">
<html xmlns="http://www.w3.org/1999/xhtml" xml:lang="en" lang="en">
 <head>
  <title>
</title>
<meta http-equiv="Content-Type" content="text/html;charset=utf-8" />
  <meta name='ocr-system' content='tesseract 3.04.00' />
  <meta name='ocr-capabilities' content='ocr_page ocr_carea ocr_par ocr_line ocrx_word'/>
</head>
<body>
  <div class='ocr_page' id='page_1' title='image "./operaquextantom00aldhgoog_0109.png"; bbox 0 0 3759 5425; ppageno 0'>
   <div class='ocr_carea' id='block_1_1' title="bbox 633 743 1393 802">
    <p class='ocr_par' dir='ltr' id='par_1_1' title="bbox 633 743 1393 802">
     <span class='ocr_line' id='line_1_1' title="bbox 633 743 1393 802; baseline -0.003 -1"><span class='ocrx_word' id='word_1_1' title='bbox 633 756 675 801; x_wconf 84' lang='lat' dir='ltr'><strong>os</strong></span> <span class='ocrx_word' id='word_1_2' title='bbox 692 753 1110 802; x_wconf 76' lang='lat' dir='ltr'><strong>aauo1ausvrsa1u1rarrs.</strong></span> <span class='ocrx_word' id='word_1_3' title='bbox 1358 743 1393 800; x_wconf 77' lang='lat' dir='ltr'><strong>sl</strong></span> 
     </span>
    </p>
   </div>
   <div class='ocr_carea' id='block_1_2' title="bbox 327 908 1395 4733">
    <p class='ocr_par' dir='ltr' id='par_1_2' title="bbox 343 908 1395 1075">
     <span class='ocr_line' id='line_1_2' title="bbox 343 908 1395 994; baseline 0.002 -21"><span class='ocrx_word' id='word_1_4' title='bbox 343 917 466 973; x_wconf 74' lang='lat' dir='ltr'><strong>tantm</strong></span> <span class='ocrx_word' id='word_1_5' title='bbox 482 911 672 974; x_wconf 88' lang='lat' dir='ltr'><strong>altrinsecus</strong></span> <span class='ocrx_word' id='word_1_6' title='bbox 688 909 881 993; x_wconf 84' lang='lat' dir='ltr'>discrepent,</span> <span class='ocrx_word' id='word_1_7' title='bbox 899 918 1054 994; x_wconf 89' lang='lat' dir='ltr'><strong>quantum</strong></span> <span class='ocrx_word' id='word_1_8' title='bbox 1070 909 1166 972; x_wconf 86' lang='lat' dir='ltr'><strong>distat</strong></span> <span class='ocrx_word' id='word_1_9' title='bbox 1181 908 1360 994; x_wconf 77' lang='lat' dir='ltr'>dulcisapa,</span> <span class='ocrx_word' id='word_1_10' title='bbox 1376 934 1395 974; x_wconf 88' lang='lat' dir='ltr'><strong>a</strong></span> 
     </span>
     <span class='ocr_line' id='line_1_3' title="bbox 343 1012 664 1075; baseline 0.003 -3"><span class='ocrx_word' id='word_1_11' title='bbox 343 1012 521 1075; x_wconf 87' lang='lat' dir='ltr'><strong>merulento</strong></span> <span class='ocrx_word' id='word_1_12' title='bbox 537 1020 664 1074; x_wconf 86' lang='lat' dir='ltr'><strong>temeto.</strong></span> 
     </span>
    </p>

    <p class='ocr_par' dir='ltr' id='par_1_3' title="bbox 327 1112 1395 4651">
     <span class='ocr_line' id='line_1_4' title="bbox 387 1112 1395 1196; baseline 0.001 -20"><span class='ocrx_word' id='word_1_13' title='bbox 387 1113 558 1176; x_wconf 81' lang='lat' dir='ltr'>Hactenus</span> <span class='ocrx_word' id='word_1_14' title='bbox 580 1112 701 1176; x_wconf 86' lang='lat' dir='ltr'><strong>interea</strong></span> <span class='ocrx_word' id='word_1_15' title='bbox 725 1113 872 1176; x_wconf 74' lang='lat' dir='ltr'><strong>formosae</strong></span> <span class='ocrx_word' id='word_1_16' title='bbox 893 1113 1092 1196; x_wconf 80' lang='lat' dir='ltr'><strong>virginitatis</strong></span> <span class='ocrx_word' id='word_1_17' title='bbox 1114 1114 1268 1196; x_wconf 81' lang='lat' dir='ltr'><strong>speciem,</strong></span> <span class='ocrx_word' id='word_1_18' title='bbox 1288 1124 1320 1177; x_wconf 88' lang='lat' dir='ltr'><strong>et</strong></span> <span class='ocrx_word' id='word_1_19' title='bbox 1344 1135 1395 1177; x_wconf 82' lang='lat' dir='ltr'><strong>ve·</strong></span> 
     </span>
     <span class='ocr_line' id='line_1_5' title="bbox 343 1211 1395 1298; baseline 0.002 -24"><span class='ocrx_word' id='word_1_20' title='bbox 343 1224 474 1276; x_wconf 89' lang='lat' dir='ltr'><strong>uastum</strong></span> <span class='ocrx_word' id='word_1_21' title='bbox 502 1211 667 1296; x_wconf 76' lang='lat' dir='ltr'><strong>pudicitiae</strong></span> <span class='ocrx_word' id='word_1_22' title='bbox 696 1215 818 1276; x_wconf 88' lang='lat' dir='ltr'><strong>vultum</strong></span> <span class='ocrx_word' id='word_1_23' title='bbox 846 1234 1056 1298; x_wconf 86' lang='lat' dir='ltr'><strong>componens,</strong></span> <span class='ocrx_word' id='word_1_24' title='bbox 1081 1214 1214 1278; x_wconf 89' lang='lat' dir='ltr'><strong>diversis</strong></span> <span class='ocrx_word' id='word_1_25' title='bbox 1244 1215 1395 1278; x_wconf 86' lang='lat' dir='ltr'><strong>virtutum</strong></span> 
     </span>
     <span class='ocr_line' id='line_1_6' title="bbox 343 1313 1394 1400; baseline 0.002 -25"><span class='ocrx_word' id='word_1_26' title='bbox 343 1313 518 1390; x_wconf 87' lang='lat' dir='ltr'><strong>coloribus,</strong></span> <span class='ocrx_word' id='word_1_27' title='bbox 533 1315 625 1396; x_wconf 89' lang='lat' dir='ltr'><strong>quasi</strong></span> <span class='ocrx_word' id='word_1_28' title='bbox 639 1314 786 1377; x_wconf 90' lang='lat' dir='ltr'><strong>fucorum</strong></span> <span class='ocrx_word' id='word_1_29' title='bbox 799 1313 934 1378; x_wconf 89' lang='lat' dir='ltr'><strong>floribus</strong></span> <span class='ocrx_word' id='word_1_30' title='bbox 948 1314 1100 1398; x_wconf 86' lang='lat' dir='ltr'><strong>depinxi;</strong></span> <span class='ocrx_word' id='word_1_31' title='bbox 1123 1314 1394 1400; x_wconf 84' lang='lat' dir='ltr'><strong>quemadmodum</strong></span> 
     </span>
     <span class='ocr_line' id='line_1_7' title="bbox 341 1416 1394 1500; baseline -0.001 -21"><span class='ocrx_word' id='word_1_32' title='bbox 341 1417 446 1480; x_wconf 80' lang='lat' dir='ltr'><strong>solent</strong></span> <span class='ocrx_word' id='word_1_33' title='bbox 467 1416 625 1480; x_wconf 87' lang='lat' dir='ltr'><strong>nobilium</strong></span> <span class='ocrx_word' id='word_1_34' title='bbox 647 1417 787 1480; x_wconf 85' lang='lat' dir='ltr'><strong>artifices</strong></span> <span class='ocrx_word' id='word_1_35' title='bbox 811 1418 987 1500; x_wconf 78' lang='lat' dir='ltr'><strong>imaginum</strong></span> <span class='ocrx_word' id='word_1_36' title='bbox 1010 1429 1043 1481; x_wconf 89' lang='lat' dir='ltr'><strong>et</strong></span> <span class='ocrx_word' id='word_1_37' title='bbox 1064 1418 1217 1500; x_wconf 89' lang='lat' dir='ltr'><strong>regalium</strong></span> <span class='ocrx_word' id='word_1_38' title='bbox 1243 1437 1394 1500; x_wconf 90' lang='lat' dir='ltr'><strong>persona·</strong></span> 
     </span>
     <span class='ocr_line' id='line_1_8' title="bbox 339 1518 1395 1603; baseline -0.002 -22"><span class='ocrx_word' id='word_1_39' title='bbox 339 1539 410 1581; x_wconf 90' lang='lat' dir='ltr'><strong>rum</strong></span> <span class='ocrx_word' id='word_1_40' title='bbox 431 1520 573 1602; x_wconf 89' lang='lat' dir='ltr'><strong>pictores</strong></span> <span class='ocrx_word' id='word_1_41' title='bbox 594 1518 754 1583; x_wconf 80' lang='lat' dir='ltr'><strong>deauratis</strong></span> <span class='ocrx_word' id='word_1_42' title='bbox 774 1521 903 1603; x_wconf 89' lang='lat' dir='ltr'><strong>petallis</strong></span> <span class='ocrx_word' id='word_1_43' title='bbox 924 1518 1106 1584; x_wconf 89' lang='lat' dir='ltr'><strong>thoracidas</strong></span> <span class='ocrx_word' id='word_1_44' title='bbox 1128 1539 1250 1597; x_wconf 90' lang='lat' dir='ltr'><strong>ornare,</strong></span> <span class='ocrx_word' id='word_1_45' title='bbox 1270 1527 1303 1582; x_wconf 90' lang='lat' dir='ltr'><strong>et</strong></span> <span class='ocrx_word' id='word_1_46' title='bbox 1323 1519 1395 1601; x_wconf 90' lang='lat' dir='ltr'><strong>pul·</strong></span> 
     </span>
     <span class='ocr_line' id='line_1_9' title="bbox 339 1618 1394 1684; baseline 0.001 -3"><span class='ocrx_word' id='word_1_47' title='bbox 339 1618 495 1682; x_wconf 83' lang='lat' dir='ltr'><strong>cherrima</strong></span> <span class='ocrx_word' id='word_1_48' title='bbox 521 1621 734 1683; x_wconf 90' lang='lat' dir='ltr'><strong>membrorum</strong></span> <span class='ocrx_word' id='word_1_49' title='bbox 760 1620 948 1684; x_wconf 86' lang='lat' dir='ltr'><strong>liniamenta</strong></span> <span class='ocrx_word' id='word_1_50' title='bbox 972 1619 1152 1683; x_wconf 80' lang='lat' dir='ltr'><strong>fabrefactis</strong></span> <span class='ocrx_word' id='word_1_51' title='bbox 1175 1619 1315 1682; x_wconf 90' lang='lat' dir='ltr'><strong>vultibus</strong></span> <span class='ocrx_word' id='word_1_52' title='bbox 1338 1618 1394 1682; x_wconf 89' lang='lat' dir='ltr'><strong>de-</strong></span> 
     </span>
     <span class='ocr_line' id='line_1_10' title="bbox 340 1721 1394 1806; baseline 0 -22"><span class='ocrx_word' id='word_1_53' title='bbox 340 1741 464 1800; x_wconf 88' lang='lat' dir='ltr'><strong>corare,</strong></span> <span class='ocrx_word' id='word_1_54' title='bbox 480 1743 554 1785; x_wconf 90' lang='lat' dir='ltr'><strong>cum</strong></span> <span class='ocrx_word' id='word_1_55' title='bbox 570 1729 676 1785; x_wconf 90' lang='lat' dir='ltr'><strong>tamen</strong></span> <span class='ocrx_word' id='word_1_56' title='bbox 696 1721 795 1785; x_wconf 91' lang='lat' dir='ltr'><strong>iidem</strong></span> <span class='ocrx_word' id='word_1_57' title='bbox 818 1722 953 1805; x_wconf 86' lang='lat' dir='ltr'><strong>opifices</strong></span> <span class='ocrx_word' id='word_1_58' title='bbox 974 1723 1150 1806; x_wconf 80' lang='lat' dir='ltr'><strong>plerunque</strong></span> <span class='ocrx_word' id='word_1_59' title='bbox 1173 1721 1259 1806; x_wconf 82' lang='lat' dir='ltr'><strong>turpi</strong></span> <span class='ocrx_word' id='word_1_60' title='bbox 1281 1730 1394 1784; x_wconf 88' lang='lat' dir='ltr'><strong>natura</strong></span> 
     </span>
     <span class='ocr_line' id='line_1_11' title="bbox 338 1821 1392 1907; baseline 0.003 -24"><span class='ocrx_word' id='word_1_61' title='bbox 338 1822 485 1904; x_wconf 88' lang='lat' dir='ltr'><strong>corporis</strong></span> <span class='ocrx_word' id='word_1_62' title='bbox 513 1821 670 1885; x_wconf 88' lang='lat' dir='ltr'><strong>deformes</strong></span> <span class='ocrx_word' id='word_1_63' title='bbox 695 1833 728 1885; x_wconf 91' lang='lat' dir='ltr'><strong>et</strong></span> <span class='ocrx_word' id='word_1_64' title='bbox 757 1823 1015 1907; x_wconf 82' lang='lat' dir='ltr'><strong>contemptibiles</strong></span> <span class='ocrx_word' id='word_1_65' title='bbox 1045 1823 1197 1901; x_wconf 84' lang='lat' dir='ltr'><strong>existant,</strong></span> <span class='ocrx_word' id='word_1_66' title='bbox 1227 1823 1392 1906; x_wconf 82' lang='lat' dir='ltr'><strong>magisque</strong></span> 
     </span>
     <span class='ocr_line' id='line_1_12' title="bbox 337 1921 1391 2006; baseline 0 -22"><span class='ocrx_word' id='word_1_67' title='bbox 337 1921 496 1986; x_wconf 89' lang='lat' dir='ltr'><strong>iconisma</strong></span> <span class='ocrx_word' id='word_1_68' title='bbox 527 1922 634 2002; x_wconf 88' lang='lat' dir='ltr'><strong>regale</strong></span> <span class='ocrx_word' id='word_1_69' title='bbox 669 1933 800 2006; x_wconf 88' lang='lat' dir='ltr'><strong>compto</strong></span> <span class='ocrx_word' id='word_1_70' title='bbox 830 1932 997 1987; x_wconf 88' lang='lat' dir='ltr'><strong>stemmate</strong></span> <span class='ocrx_word' id='word_1_71' title='bbox 1033 1923 1199 2006; x_wconf 90' lang='lat' dir='ltr'><strong>depictum</strong></span> <span class='ocrx_word' id='word_1_72' title='bbox 1231 1923 1391 2000; x_wconf 86' lang='lat' dir='ltr'><strong>laudatur,</strong></span> 
     </span>
     <span class='ocr_line' id='line_1_13' title="bbox 337 2022 1391 2108; baseline -0.003 -21"><span class='ocrx_word' id='word_1_73' title='bbox 337 2044 437 2106; x_wconf 90' lang='lat' dir='ltr'><strong>quam</strong></span> <span class='ocrx_word' id='word_1_74' title='bbox 459 2022 670 2106; x_wconf 89' lang='lat' dir='ltr'><strong>despicabilis</strong></span> <span class='ocrx_word' id='word_1_75' title='bbox 692 2045 829 2107; x_wconf 87' lang='lat' dir='ltr'><strong>persona</strong></span> <span class='ocrx_word' id='word_1_76' title='bbox 849 2025 982 2108; x_wconf 88' lang='lat' dir='ltr'><strong>pictoris</strong></span> <span class='ocrx_word' id='word_1_77' title='bbox 1007 2036 1185 2103; x_wconf 85' lang='lat' dir='ltr'><strong>veneratur,</strong></span> <span class='ocrx_word' id='word_1_78' title='bbox 1208 2047 1272 2108; x_wconf 89' lang='lat' dir='ltr'><strong>qua</strong></span> <span class='ocrx_word' id='word_1_79' title='bbox 1295 2023 1335 2087; x_wconf 88' lang='lat' dir='ltr'><strong>dc</strong></span> <span class='ocrx_word' id='word_1_80' title='bbox 1358 2044 1391 2085; x_wconf 89' lang='lat' dir='ltr'><strong>ro</strong></span> 
     </span>
     <span class='ocr_line' id='line_1_14' title="bbox 336 2123 1391 2212; baseline 0.002 -25"><span class='ocrx_word' id='word_1_81' title='bbox 336 2123 426 2187; x_wconf 84' lang='lat' dir='ltr'><strong>sedis</strong></span> <span class='ocrx_word' id='word_1_82' title='bbox 452 2124 647 2206; x_wconf 83' lang='lat' dir='ltr'><strong>Apostolicae</strong></span> <span class='ocrx_word' id='word_1_83' title='bbox 671 2129 842 2209; x_wconf 85' lang='lat' dir='ltr'><strong>praesulem</strong></span> <span class='ocrx_word' id='word_1_84' title='bbox 866 2148 939 2190; x_wconf 86' lang='lat' dir='ltr'><strong>reor</strong></span> <span class='ocrx_word' id='word_1_85' title='bbox 962 2127 1106 2203; x_wconf 83' lang='lat' dir='ltr'><strong>dixisse3</strong></span> <span class='ocrx_word' id='word_1_86' title='bbox 1138 2126 1309 2212; x_wconf 87' lang='lat' dir='ltr'><strong>pulchrum</strong></span> <span class='ocrx_word' id='word_1_87' title='bbox 1335 2126 1391 2189; x_wconf 89' lang='lat' dir='ltr'><strong>dc-</strong></span> 
     </span>
     <span class='ocr_line' id='line_1_15' title="bbox 335 2223 1391 2312; baseline 0.002 -24"><span class='ocrx_word' id='word_1_88' title='bbox 335 2225 432 2308; x_wconf 84' lang='lat' dir='ltr'><strong>pinxi</strong></span> <span class='ocrx_word' id='word_1_89' title='bbox 447 2223 612 2288; x_wconf 90' lang='lat' dir='ltr'><strong>bominem</strong></span> <span class='ocrx_word' id='word_1_90' title='bbox 626 2226 730 2310; x_wconf 89' lang='lat' dir='ltr'><strong>pictor</strong></span> <span class='ocrx_word' id='word_1_91' title='bbox 744 2226 858 2305; x_wconf 87' lang='lat' dir='ltr'><strong>foedus,</strong></span> <span class='ocrx_word' id='word_1_92' title='bbox 873 2227 1020 2312; x_wconf 88' lang='lat' dir='ltr'><strong>aliosque</strong></span> <span class='ocrx_word' id='word_1_93' title='bbox 1040 2227 1082 2291; x_wconf 89' lang='lat' dir='ltr'><strong>ad</strong></span> <span class='ocrx_word' id='word_1_94' title='bbox 1098 2228 1300 2311; x_wconf 88' lang='lat' dir='ltr'><strong>perfectionis</strong></span> <span class='ocrx_word' id='word_1_95' title='bbox 1315 2227 1391 2290; x_wconf 91' lang='lat' dir='ltr'><strong>litus</strong></span> 
     </span>
     <span class='ocr_line' id='line_1_16' title="bbox 336 2324 1391 2409; baseline 0.002 -20"><span class='ocrx_word' id='word_1_96' title='bbox 336 2326 452 2409; x_wconf 90' lang='lat' dir='ltr'><strong>dirigo,</strong></span> <span class='ocrx_word' id='word_1_97' title='bbox 477 2327 534 2408; x_wconf 93' lang='lat' dir='ltr'><strong>qui</strong></span> <span class='ocrx_word' id='word_1_98' title='bbox 559 2324 666 2390; x_wconf 90' lang='lat' dir='ltr'><strong>adhuc</strong></span> <span class='ocrx_word' id='word_1_99' title='bbox 691 2327 724 2389; x_wconf 88' lang='lat' dir='ltr'><strong>in</strong></span> <span class='ocrx_word' id='word_1_100' title='bbox 749 2324 939 2392; x_wconf 85' lang='lat' dir='ltr'><strong>delictorum</strong></span> <span class='ocrx_word' id='word_1_101' title='bbox 963 2328 1116 2392; x_wconf 88' lang='lat' dir='ltr'><strong>fluctibus</strong></span> <span class='ocrx_word' id='word_1_102' title='bbox 1141 2349 1257 2392; x_wconf 88' lang='lat' dir='ltr'><strong>versor.</strong></span> <span class='ocrx_word' id='word_1_103' title='bbox 1302 2327 1391 2391; x_wconf 88' lang='lat' dir='ltr'><strong>Heia</strong></span> 
     </span>
     <span class='ocr_line' id='line_1_17' title="bbox 337 2426 1389 2512; baseline -0.003 -21"><span class='ocrx_word' id='word_1_104' title='bbox 337 2427 460 2492; x_wconf 82' lang='lat' dir='ltr'><strong>Christi</strong></span> <span class='ocrx_word' id='word_1_105' title='bbox 476 2427 666 2510; x_wconf 80' lang='lat' dir='ltr'><strong>tynmculae‚</strong></span> <span class='ocrx_word' id='word_1_106' title='bbox 681 2426 722 2490; x_wconf 92' lang='lat' dir='ltr'><strong>sit</strong></span> <span class='ocrx_word' id='word_1_107' title='bbox 735 2427 813 2490; x_wconf 90' lang='lat' dir='ltr'><strong>mibi</strong></span> <span class='ocrx_word' id='word_1_108' title='bbox 828 2429 994 2511; x_wconf 73' lang='lat' dir='ltr'><strong>praesentis</strong></span> <span class='ocrx_word' id='word_1_109' title='bbox 1014 2428 1162 2512; x_wconf 88' lang='lat' dir='ltr'><strong>opusculi</strong></span> <span class='ocrx_word' id='word_1_110' title='bbox 1182 2437 1250 2491; x_wconf 85' lang='lat' dir='ltr'><strong>rata</strong></span> <span class='ocrx_word' id='word_1_111' title='bbox 1269 2447 1389 2489; x_wconf 87' lang='lat' dir='ltr'><strong>recom-</strong></span> 
     </span>
     <span class='ocr_line' id='line_1_18' title="bbox 335 2527 1391 2615; baseline -0.004 -22"><span class='ocrx_word' id='word_1_112' title='bbox 335 2531 487 2615; x_wconf 90' lang='lat' dir='ltr'><strong>pensatio</strong></span> <span class='ocrx_word' id='word_1_113' title='bbox 512 2541 683 2592; x_wconf 87' lang='lat' dir='ltr'><strong>vestrarum</strong></span> <span class='ocrx_word' id='word_1_114' title='bbox 709 2550 841 2612; x_wconf 89' lang='lat' dir='ltr'><strong>precum</strong></span> <span class='ocrx_word' id='word_1_115' title='bbox 873 2531 1023 2614; x_wconf 88' lang='lat' dir='ltr'><strong>frequens</strong></span> <span class='ocrx_word' id='word_1_116' title='bbox 1052 2531 1169 2593; x_wconf 91' lang='lat' dir='ltr'><strong>collata</strong></span> <span class='ocrx_word' id='word_1_117' title='bbox 1194 2527 1391 2604; x_wconf 85' lang='lat' dir='ltr'><strong>vicissitudo,</strong></span> 
     </span>
     <span class='ocr_line' id='line_1_19' title="bbox 336 2629 1391 2717; baseline -0.004 -22"><span class='ocrx_word' id='word_1_118' title='bbox 336 2633 468 2717; x_wconf 86' lang='lat' dir='ltr'><strong>meique</strong></span> <span class='ocrx_word' id='word_1_119' title='bbox 491 2631 612 2694; x_wconf 90' lang='lat' dir='ltr'><strong>laboris</strong></span> <span class='ocrx_word' id='word_1_120' title='bbox 636 2642 669 2694; x_wconf 90' lang='lat' dir='ltr'><strong>et</strong></span> <span class='ocrx_word' id='word_1_121' title='bbox 689 2630 815 2695; x_wconf 90' lang='lat' dir='ltr'><strong>sudoris</strong></span> <span class='ocrx_word' id='word_1_122' title='bbox 836 2633 894 2697; x_wconf 89' lang='lat' dir='ltr'><strong>fiat</strong></span> <span class='ocrx_word' id='word_1_123' title='bbox 916 2633 1140 2697; x_wconf 79' lang='lat' dir='ltr'><strong>fulcimentum</strong></span> <span class='ocrx_word' id='word_1_124' title='bbox 1163 2642 1271 2694; x_wconf 82' lang='lat' dir='ltr'><strong>restrae</strong></span> <span class='ocrx_word' id='word_1_125' title='bbox 1294 2629 1391 2692; x_wconf 91' lang='lat' dir='ltr'><strong>inter-</strong></span> 
     </span>
     <span class='ocr_line' id='line_1_20' title="bbox 336 2734 1389 2821; baseline -0.003 -20"><span class='ocrx_word' id='word_1_126' title='bbox 336 2736 496 2801; x_wconf 86' lang='lat' dir='ltr'><strong>cessionis</strong></span> <span class='ocrx_word' id='word_1_127' title='bbox 510 2735 753 2819; x_wconf 85' lang='lat' dir='ltr'><strong>adjumentum3</strong></span> <span class='ocrx_word' id='word_1_128' title='bbox 774 2748 810 2799; x_wconf 93' lang='lat' dir='ltr'><strong>ut</strong></span> <span class='ocrx_word' id='word_1_129' title='bbox 824 2737 882 2820; x_wconf 92' lang='lat' dir='ltr'><strong>qui</strong></span> <span class='ocrx_word' id='word_1_130' title='bbox 896 2738 1027 2821; x_wconf 91' lang='lat' dir='ltr'><strong>propria</strong></span> <span class='ocrx_word' id='word_1_131' title='bbox 1037 2736 1219 2799; x_wconf 88' lang='lat' dir='ltr'><strong>meritorum</strong></span> <span class='ocrx_word' id='word_1_132' title='bbox 1235 2734 1389 2816; x_wconf 86' lang='lat' dir='ltr'><strong>qualitate</strong></span> 
     </span>
     <span class='ocr_line' id='line_1_21' title="bbox 335 2836 1389 2919; baseline -0.006 -15"><span class='ocrx_word' id='word_1_133' title='bbox 335 2852 371 2904; x_wconf 88' lang='lat' dir='ltr'><strong>et</strong></span> <span class='ocrx_word' id='word_1_134' title='bbox 391 2838 473 2901; x_wconf 89' lang='lat' dir='ltr'><strong>fidei</strong></span> <span class='ocrx_word' id='word_1_135' title='bbox 495 2838 667 2919; x_wconf 85' lang='lat' dir='ltr'><strong>fragilitate</strong></span> <span class='ocrx_word' id='word_1_136' title='bbox 693 2839 922 2902; x_wconf 88' lang='lat' dir='ltr'><strong>tremebundus</strong></span> <span class='ocrx_word' id='word_1_137' title='bbox 949 2859 986 2902; x_wconf 88' lang='lat' dir='ltr'><strong>ac</strong></span> <span class='ocrx_word' id='word_1_138' title='bbox 1012 2836 1220 2901; x_wconf 89' lang='lat' dir='ltr'><strong>nutabundus</strong></span> <span class='ocrx_word' id='word_1_139' title='bbox 1243 2836 1389 2899; x_wconf 86' lang='lat' dir='ltr'><strong>vacillare</strong></span> 
     </span>
     <span class='ocr_line' id='line_1_22' title="bbox 334 2940 1391 3024; baseline 0 -20"><span class='ocrx_word' id='word_1_140' title='bbox 334 2941 456 3019; x_wconf 84' lang='lat' dir='ltr'><strong>videor,</strong></span> <span class='ocrx_word' id='word_1_141' title='bbox 489 2941 713 3005; x_wconf 88' lang='lat' dir='ltr'><strong>robustissima</strong></span> <span class='ocrx_word' id='word_1_142' title='bbox 746 2942 996 3024; x_wconf 87' lang='lat' dir='ltr'><strong>patrociniorum</strong></span> <span class='ocrx_word' id='word_1_143' title='bbox 1033 2950 1205 3004; x_wconf 86' lang='lat' dir='ltr'><strong>vestrorum</strong></span> <span class='ocrx_word' id='word_1_144' title='bbox 1241 2940 1391 3004; x_wconf 88' lang='lat' dir='ltr'><strong>columna</strong></span> 
     </span>
     <span class='ocr_line' id='line_1_23' title="bbox 333 3042 1389 3126; baseline -0.002 -19"><span class='ocrx_word' id='word_1_145' title='bbox 333 3044 445 3121; x_wconf 86' lang='lat' dir='ltr'><strong>fretus,</strong></span> <span class='ocrx_word' id='word_1_146' title='bbox 467 3042 618 3105; x_wconf 84' lang='lat' dir='ltr'><strong>foeliciter</strong></span> <span class='ocrx_word' id='word_1_147' title='bbox 638 3064 675 3105; x_wconf 77' lang='lat' dir='ltr'><strong>aa·</strong></span> <span class='ocrx_word' id='word_1_148' title='bbox 697 3043 830 3106; x_wconf 89' lang='lat' dir='ltr'><strong>firmiter</strong></span> <span class='ocrx_word' id='word_1_149' title='bbox 850 3042 956 3107; x_wconf 85' lang='lat' dir='ltr'><strong>fulciri</strong></span> <span class='ocrx_word' id='word_1_150' title='bbox 977 3062 1108 3118; x_wconf 89' lang='lat' dir='ltr'><strong>merear,</strong></span> <span class='ocrx_word' id='word_1_151' title='bbox 1131 3053 1162 3105; x_wconf 91' lang='lat' dir='ltr'><strong>et</strong></span> <span class='ocrx_word' id='word_1_152' title='bbox 1184 3062 1279 3126; x_wconf 82' lang='lat' dir='ltr'><strong>quem</strong></span> <span class='ocrx_word' id='word_1_153' title='bbox 1302 3043 1389 3123; x_wconf 84' lang='lat' dir='ltr'><strong>gravi</strong></span> 
     </span>
     <span class='ocr_line' id='line_1_24' title="bbox 334 3145 1389 3232; baseline 0.004 -23"><span class='ocrx_word' id='word_1_154' title='bbox 334 3146 514 3210; x_wconf 88' lang='lat' dir='ltr'><strong>facinorum</strong></span> <span class='ocrx_word' id='word_1_155' title='bbox 543 3153 577 3209; x_wconf 91' lang='lat' dir='ltr'><strong>et</strong></span> <span class='ocrx_word' id='word_1_156' title='bbox 604 3145 799 3226; x_wconf 90' lang='lat' dir='ltr'><strong>flagitiorum</strong></span> <span class='ocrx_word' id='word_1_157' title='bbox 829 3148 955 3212; x_wconf 91' lang='lat' dir='ltr'><strong>sarcina</strong></span> <span class='ocrx_word' id='word_1_158' title='bbox 989 3149 1077 3213; x_wconf 89' lang='lat' dir='ltr'><strong>triste</strong></span> <span class='ocrx_word' id='word_1_159' title='bbox 1106 3148 1226 3231; x_wconf 89' lang='lat' dir='ltr'><strong>piaculi</strong></span> <span class='ocrx_word' id='word_1_160' title='bbox 1260 3149 1389 3232; x_wconf 88' lang='lat' dir='ltr'><strong>pondus</strong></span> 
     </span>
     <span class='ocr_line' id='line_1_25' title="bbox 334 3248 1389 3333; baseline 0.003 -21"><span class='ocrx_word' id='word_1_161' title='bbox 334 3248 488 3332; x_wconf 89' lang='lat' dir='ltr'><strong>deprimit</strong></span> <span class='ocrx_word' id='word_1_162' title='bbox 507 3262 680 3311; x_wconf 84' lang='lat' dir='ltr'><strong>vestrorum</strong></span> <span class='ocrx_word' id='word_1_163' title='bbox 702 3260 817 3332; x_wconf 86' lang='lat' dir='ltr'><strong>potens</strong></span> <span class='ocrx_word' id='word_1_164' title='bbox 838 3251 1022 3314; x_wconf 89' lang='lat' dir='ltr'><strong>meritorum</strong></span> <span class='ocrx_word' id='word_1_165' title='bbox 1044 3250 1229 3331; x_wconf 86' lang='lat' dir='ltr'><strong>suffragium</strong></span> <span class='ocrx_word' id='word_1_166' title='bbox 1251 3252 1389 3333; x_wconf 86' lang='lat' dir='ltr'><strong>benigna</strong></span> 
     </span>
     <span class='ocr_line' id='line_1_26' title="bbox 336 3350 1390 3436; baseline 0.003 -23"><span class='ocrx_word' id='word_1_167' title='bbox 336 3352 456 3433; x_wconf 87' lang='lat' dir='ltr'><strong>pietate</strong></span> <span class='ocrx_word' id='word_1_168' title='bbox 482 3350 659 3414; x_wconf 87' lang='lat' dir='ltr'><strong>clementer</strong></span> <span class='ocrx_word' id='word_1_169' title='bbox 687 3359 853 3430; x_wconf 89' lang='lat' dir='ltr'><strong>sustentet,</strong></span> <span class='ocrx_word' id='word_1_170' title='bbox 883 3360 1041 3436; x_wconf 90' lang='lat' dir='ltr'><strong>quatenus</strong></span> <span class='ocrx_word' id='word_1_171' title='bbox 1070 3353 1104 3415; x_wconf 93' lang='lat' dir='ltr'><strong>in</strong></span> <span class='ocrx_word' id='word_1_172' title='bbox 1134 3363 1246 3416; x_wconf 89' lang='lat' dir='ltr'><strong>sancta</strong></span> <span class='ocrx_word' id='word_1_173' title='bbox 1274 3354 1390 3436; x_wconf 85' lang='lat' dir='ltr'><strong>synaxi</strong></span> 
     </span>
     <span class='ocr_line' id='line_1_27' title="bbox 335 3453 1388 3519; baseline -0.001 -2"><span class='ocrx_word' id='word_1_174' title='bbox 335 3475 410 3517; x_wconf 92' lang='lat' dir='ltr'><strong>cnm</strong></span> <span class='ocrx_word' id='word_1_175' title='bbox 440 3453 621 3516; x_wconf 85' lang='lat' dir='ltr'><strong>veneranda</strong></span> <span class='ocrx_word' id='word_1_176' title='bbox 650 3454 841 3518; x_wconf 79' lang='lat' dir='ltr'><strong>Monosticae</strong></span> <span class='ocrx_word' id='word_1_177' title='bbox 871 3456 984 3519; x_wconf 88' lang='lat' dir='ltr'><strong>classis</strong></span> <span class='ocrx_word' id='word_1_178' title='bbox 1012 3466 1138 3519; x_wconf 84' lang='lat' dir='ltr'><strong>caterva</strong></span> <span class='ocrx_word' id='word_1_179' title='bbox 1174 3455 1388 3518; x_wconf 87' lang='lat' dir='ltr'><strong>universitatis</strong></span> 
     </span>
     <span class='ocr_line' id='line_1_28' title="bbox 336 3552 1387 3637; baseline -0.003 -19"><span class='ocrx_word' id='word_1_180' title='bbox 336 3554 469 3619; x_wconf 88' lang='lat' dir='ltr'><strong>creatori</strong></span> <span class='ocrx_word' id='word_1_181' title='bbox 492 3552 667 3617; x_wconf 87' lang='lat' dir='ltr'><strong>medullata</strong></span> <span class='ocrx_word' id='word_1_182' title='bbox 684 3556 863 3619; x_wconf 91' lang='lat' dir='ltr'><strong>orationum</strong></span> <span class='ocrx_word' id='word_1_183' title='bbox 880 3556 1155 3621; x_wconf 90' lang='lat' dir='ltr'><strong>holocaustomata</strong></span> <span class='ocrx_word' id='word_1_184' title='bbox 1174 3556 1268 3618; x_wconf 86' lang='lat' dir='ltr'><strong>flexis</strong></span> <span class='ocrx_word' id='word_1_185' title='bbox 1282 3554 1387 3637; x_wconf 90' lang='lat' dir='ltr'><strong>popli·</strong></span> 
     </span>
     <span class='ocr_line' id='line_1_29' title="bbox 335 3655 1388 3739; baseline -0.003 -19"><span class='ocrx_word' id='word_1_186' title='bbox 335 3658 421 3721; x_wconf 87' lang='lat' dir='ltr'><strong>tibus</strong></span> <span class='ocrx_word' id='word_1_187' title='bbox 443 3655 650 3719; x_wconf 88' lang='lat' dir='ltr'><strong>concorditer</strong></span> <span class='ocrx_word' id='word_1_188' title='bbox 671 3658 832 3736; x_wconf 88' lang='lat' dir='ltr'><strong>obtulerit,</strong></span> <span class='ocrx_word' id='word_1_189' title='bbox 857 3680 937 3722; x_wconf 81' lang='lat' dir='ltr'><strong>mere</strong></span> <span class='ocrx_word' id='word_1_190' title='bbox 960 3655 1209 3739; x_wconf 89' lang='lat' dir='ltr'><strong>contemptibilis</strong></span> <span class='ocrx_word' id='word_1_191' title='bbox 1232 3675 1388 3738; x_wconf 71' lang='lat' dir='ltr'><strong>personae,</strong></span> 
     </span>
     <span class='ocr_line' id='line_1_30' title="bbox 332 3754 1387 3842; baseline -0.005 -20"><span class='ocrx_word' id='word_1_192' title='bbox 332 3758 429 3842; x_wconf 84' lang='lat' dir='ltr'><strong>juxta</strong></span> <span class='ocrx_word' id='word_1_193' title='bbox 451 3756 540 3842; x_wconf 95' lang='lat' dir='ltr'><strong>quod</strong></span> <span class='ocrx_word' id='word_1_194' title='bbox 565 3766 670 3821; x_wconf 71' lang='lat' dir='ltr'><strong>raama</strong></span> <span class='ocrx_word' id='word_1_195' title='bbox 691 3769 766 3823; x_wconf 84' lang='lat' dir='ltr'><strong>vota</strong></span> <span class='ocrx_word' id='word_1_196' title='bbox 790 3757 908 3823; x_wconf 88' lang='lat' dir='ltr'><strong>devota</strong></span> <span class='ocrx_word' id='word_1_197' title='bbox 930 3756 1201 3841; x_wconf 87' lang='lat' dir='ltr'><strong>sposponderunt,</strong></span> <span class='ocrx_word' id='word_1_198' title='bbox 1226 3754 1387 3817; x_wconf 87' lang='lat' dir='ltr'><strong>reminisci</strong></span> 
     </span>
     <span class='ocr_line' id='line_1_31' title="bbox 335 3855 1386 3944; baseline -0.004 -22"><span class='ocrx_word' id='word_1_199' title='bbox 335 3857 495 3942; x_wconf 79' lang='lat' dir='ltr'><strong>dignetur,</strong></span> <span class='ocrx_word' id='word_1_200' title='bbox 509 3868 593 3922; x_wconf 90' lang='lat' dir='ltr'><strong>utet</strong></span> <span class='ocrx_word' id='word_1_201' title='bbox 611 3869 720 3923; x_wconf 88' lang='lat' dir='ltr'><strong>nostra</strong></span> <span class='ocrx_word' id='word_1_202' title='bbox 741 3861 834 3923; x_wconf 83' lang='lat' dir='ltr'><strong>vobis</strong></span> <span class='ocrx_word' id='word_1_203' title='bbox 856 3857 1111 3944; x_wconf 87' lang='lat' dir='ltr'><strong>supplicantibus</strong></span> <span class='ocrx_word' id='word_1_204' title='bbox 1130 3855 1227 3940; x_wconf 82' lang='lat' dir='ltr'><strong>juxta</strong></span> <span class='ocrx_word' id='word_1_205' title='bbox 1242 3856 1386 3919; x_wconf 87' lang='lat' dir='ltr'><strong>Psalmo-</strong></span> 
     </span>
     <span class='ocr_line' id='line_1_32' title="bbox 335 3956 1386 4043; baseline -0.002 -22"><span class='ocrx_word' id='word_1_206' title='bbox 335 3958 448 4043; x_wconf 88' lang='lat' dir='ltr'><strong>graphi</strong></span> <span class='ocrx_word' id='word_1_207' title='bbox 463 3958 656 4023; x_wconf 85' lang='lat' dir='ltr'><strong>sententiam</strong></span> <span class='ocrx_word' id='word_1_208' title='bbox 672 3960 773 4023; x_wconf 86' lang='lat' dir='ltr'><strong>oratio</strong></span> <span class='ocrx_word' id='word_1_209' title='bbox 788 3959 953 4042; x_wconf 87' lang='lat' dir='ltr'><strong>dirigatur,</strong></span> <span class='ocrx_word' id='word_1_210' title='bbox 968 3958 1051 4022; x_wconf 90' lang='lat' dir='ltr'><strong>sicut</strong></span> <span class='ocrx_word' id='word_1_211' title='bbox 1065 3958 1233 4019; x_wconf 89' lang='lat' dir='ltr'><strong>incensum</strong></span> <span class='ocrx_word' id='word_1_212' title='bbox 1254 3956 1288 4017; x_wconf 88' lang='lat' dir='ltr'><strong>in</strong></span> <span class='ocrx_word' id='word_1_213' title='bbox 1309 3977 1386 4019; x_wconf 91' lang='lat' dir='ltr'><strong>cou-</strong></span> 
     </span>
     <span class='ocr_line' id='line_1_33' title="bbox 335 4058 1387 4147; baseline -0.005 -23"><span class='ocrx_word' id='word_1_214' title='bbox 335 4071 449 4145; x_wconf 87' lang='lat' dir='ltr'><strong>spectu</strong></span> <span class='ocrx_word' id='word_1_215' title='bbox 470 4060 589 4125; x_wconf 79' lang='lat' dir='ltr'><strong>dirinoe</strong></span> <span class='ocrx_word' id='word_1_216' title='bbox 619 4062 800 4147; x_wconf 84' lang='lat' dir='ltr'><strong>Majestatis</strong></span> <span class='ocrx_word' id='word_1_217' title='bbox 823 4062 1034 4138; x_wconf 88' lang='lat' dir='ltr'><strong>thurificatur,</strong></span> <span class='ocrx_word' id='word_1_218' title='bbox 1061 4058 1149 4143; x_wconf 93' lang='lat' dir='ltr'><strong>quod</strong></span> <span class='ocrx_word' id='word_1_219' title='bbox 1171 4067 1387 4140; x_wconf 87' lang='lat' dir='ltr'><strong>porrectarum</strong></span> 
     </span>
     <span class='ocr_line' id='line_1_34' title="bbox 334 4157 1387 4241; baseline -0.007 -15"><span class='ocrx_word' id='word_1_220' title='bbox 334 4162 503 4227; x_wconf 83' lang='lat' dir='ltr'><strong>elevationi</strong></span> <span class='ocrx_word' id='word_1_221' title='bbox 522 4182 677 4226; x_wconf 87' lang='lat' dir='ltr'><strong>manuum</strong></span> <span class='ocrx_word' id='word_1_222' title='bbox 698 4164 873 4241; x_wconf 89' lang='lat' dir='ltr'><strong>simulatur,</strong></span> <span class='ocrx_word' id='word_1_223' title='bbox 887 4170 921 4227; x_wconf 87' lang='lat' dir='ltr'><strong>et</strong></span> <span class='ocrx_word' id='word_1_224' title='bbox 941 4160 1100 4225; x_wconf 89' lang='lat' dir='ltr'><strong>sacrificio</strong></span> <span class='ocrx_word' id='word_1_225' title='bbox 1125 4157 1265 4222; x_wconf 89' lang='lat' dir='ltr'><strong>serotino</strong></span> <span class='ocrx_word' id='word_1_226' title='bbox 1288 4157 1387 4241; x_wconf 73' lang='lat' dir='ltr'><strong>asqui-</strong></span> 
     </span>
     <span class='ocr_line' id='line_1_35' title="bbox 332 4258 1386 4348; baseline -0.002 -22"><span class='ocrx_word' id='word_1_227' title='bbox 332 4276 472 4348; x_wconf 80' lang='lat' dir='ltr'><strong>pmatur,</strong></span> <span class='ocrx_word' id='word_1_228' title='bbox 494 4264 582 4328; x_wconf 90' lang='lat' dir='ltr'><strong>unde</strong></span> <span class='ocrx_word' id='word_1_229' title='bbox 612 4286 703 4329; x_wconf 87' lang='lat' dir='ltr'><strong>sacra</strong></span> <span class='ocrx_word' id='word_1_230' title='bbox 733 4274 908 4329; x_wconf 72' lang='lat' dir='ltr'><strong>matertere</strong></span> <span class='ocrx_word' id='word_1_231' title='bbox 937 4263 1071 4327; x_wconf 91' lang='lat' dir='ltr'><strong>Domini</strong></span> <span class='ocrx_word' id='word_1_232' title='bbox 1099 4259 1235 4325; x_wconf 90' lang='lat' dir='ltr'><strong>Soboles</strong></span> <span class='ocrx_word' id='word_1_233' title='bbox 1263 4258 1386 4343; x_wconf 91' lang='lat' dir='ltr'><strong>primus</strong></span> 
     </span>
     <span class='ocr_line' id='line_1_36' title="bbox 333 4365 1385 4450; baseline -0.001 -22"><span class='ocrx_word' id='word_1_234' title='bbox 333 4366 439 4429; x_wconf 72' lang='lat' dir='ltr'><strong>Helia</strong></span> <span class='ocrx_word' id='word_1_235' title='bbox 465 4366 616 4450; x_wconf 85' lang='lat' dir='ltr'><strong>pontifex</strong></span> <span class='ocrx_word' id='word_1_236' title='bbox 642 4388 715 4431; x_wconf 87' lang='lat' dir='ltr'><strong>cum</strong></span> <span class='ocrx_word' id='word_1_237' title='bbox 741 4367 911 4449; x_wconf 79' lang='lat' dir='ltr'><strong>Evangelii</strong></span> <span class='ocrx_word' id='word_1_238' title='bbox 936 4365 1087 4450; x_wconf 88' lang='lat' dir='ltr'><strong>splendor</strong></span> <span class='ocrx_word' id='word_1_239' title='bbox 1113 4373 1329 4428; x_wconf 85' lang='lat' dir='ltr'><strong>auroresceret</strong></span> <span class='ocrx_word' id='word_1_240' title='bbox 1354 4375 1385 4427; x_wconf 90' lang='lat' dir='ltr'><strong>et</strong></span> 
     </span>
     <span class='ocr_line' id='line_1_37' title="bbox 327 4464 1384 4549; baseline -0.003 -20"><span class='ocrx_word' id='word_1_241' title='bbox 327 4464 521 4548; x_wconf 90' lang='lat' dir='ltr'><strong>jubarlucis</strong></span> <span class='ocrx_word' id='word_1_242' title='bbox 536 4479 663 4531; x_wconf 82' lang='lat' dir='ltr'><strong>aeternae</strong></span> <span class='ocrx_word' id='word_1_243' title='bbox 686 4468 834 4531; x_wconf 88' lang='lat' dir='ltr'><strong>rutilaret.</strong></span> <span class='ocrx_word' id='word_1_244' title='bbox 882 4468 995 4542; x_wconf 83' lang='lat' dir='ltr'><strong>Orate,</strong></span> <span class='ocrx_word' id='word_1_245' title='bbox 1015 4464 1132 4549; x_wconf 89' lang='lat' dir='ltr'><strong>inquit,</strong></span> <span class='ocrx_word' id='word_1_246' title='bbox 1153 4484 1214 4545; x_wconf 83' lang='lat' dir='ltr'><strong>pro</strong></span> <span class='ocrx_word' id='word_1_247' title='bbox 1235 4466 1384 4540; x_wconf 81' lang='lat' dir='ltr'><strong>invicem,</strong></span> 
     </span>
     <span class='ocr_line' id='line_1_38' title="bbox 333 4566 1387 4651; baseline -0.001 -22"><span class='ocrx_word' id='word_1_248' title='bbox 333 4576 367 4630; x_wconf 83' lang='lat' dir='ltr'><strong>ut</strong></span> <span class='ocrx_word' id='word_1_249' title='bbox 390 4571 582 4639; x_wconf 65' lang='lat' dir='ltr'><strong>attestanti,-</strong></span> <span class='ocrx_word' id='word_1_250' title='bbox 607 4579 639 4631; x_wconf 84' lang='lat' dir='ltr'><strong>et</strong></span> <span class='ocrx_word' id='word_1_251' title='bbox 660 4570 742 4632; x_wconf 89' lang='lat' dir='ltr'><strong>infra</strong></span> <span class='ocrx_word' id='word_1_252' title='bbox 764 4569 927 4651; x_wconf 85' lang='lat' dir='ltr'><strong>extemplo</strong></span> <span class='ocrx_word' id='word_1_253' title='bbox 952 4566 1111 4643; x_wconf 92' lang='lat' dir='ltr'><strong>subdidit,</strong></span> <span class='ocrx_word' id='word_1_254' title='bbox 1130 4567 1276 4629; x_wconf 82' lang='lat' dir='ltr'><strong>Multum</strong></span> <span class='ocrx_word' id='word_1_255' title='bbox 1301 4568 1387 4628; x_wconf 73' lang='lat' dir='ltr'><strong>vcalet</strong></span> 
     </span>
    </p>

    <p class='ocr_par' dir='ltr' id='par_1_4' title="bbox 856 4689 876 4733">
     <span class='ocr_line' id='line_1_39' title="bbox 856 4689 876 4733; baseline 0 0"><span class='ocrx_word' id='word_1_256' title='bbox 856 4689 876 4733; x_wconf 85' lang='lat' dir='ltr'><strong>u</strong></span> 
     </span>
    </p>
   </div>
   <div class='ocr_carea' id='block_1_3' title="bbox 0 0 1884 5425">
    <p class='ocr_par' dir='ltr' id='par_1_5' title="bbox 0 0 1884 5425">
     <span class='ocr_line' id='line_1_40' title="bbox 0 0 1884 5425; baseline 0 5"><span class='ocrx_word' id='word_1_257' title='bbox 0 0 1884 5425; x_wconf 95' lang='lat' dir='ltr'><strong> </strong></span> 
     </span>
    </p>
   </div>
  </div>
 </body>
</html>
