3759 5425
639 711 797 760 snsrom
811 714 855 759 an
872 713 1047 775 ιοιιιοιιιιι,
1063 714 1134 761 arc.
1352 692 1417 757 288

360 861 495 927 Solinus
524 862 557 927 in
587 864 723 929 collecta
751 886 855 929 rerum
885 865 1159 932 memorabilium:
1194 866 1238 928 Et
1262 864 1418 927 lassorum

360 963 492 1047 (inquit)
508 966 616 1049 capita
631 965 781 1031 clunibus
795 987 854 1049 per
869 968 956 1031 vices
971 967 1137 1031 sustinent
1183 964 1314 1041 Nudus,
1325 962 1419 1039 ndns,

360 1067 470 1145 ludus,
484 1079 601 1155 mutus,
616 1078 724 1145 nutus,
738 1079 837 1149 tutus,
852 1070 949 1148 fotus,
963 1072 1059 1145 lotus,
1073 1077 1169 1146 totus,
1184 1076 1299 1145 motus,
1313 1076 1419 1145 notris,

364 1166 482 1243 nodus,
505 1168 607 1246 nisus,
629 1168 722 1248 risus,
744 1169 842 1249 visus,
864 1170 973 1249 fretus,
994 1179 1130 1254 spretus,
1151 1177 1267 1247 cretus,
1288 1167 1421 1245 fulmen,

367 1269 485 1346 samen,
509 1268 625 1331 flamen
655 1266 690 1333 id
719 1285 767 1333 est
796 1268 947 1335 sacerdos
977 1270 1113 1346 delubri,
1142 1290 1274 1347 numen,
1301 1271 1422 1347 lumen,

366 1390 490 1449 rumen,
515 1371 656 1454 plemen,
682 1371 792 1451 limen,
816 1373 951 1450 crimen,
976 1371 1095 1450 vimen,
1118 1392 1261 1455 gamen,
1287 1380 1419 1435 stamen.

369 1469 468 1535 Unde
484 1470 635 1535 Lucanus
650 1469 691 1533 de
707 1471 857 1555 Orpheo:

510 1574 538 1628 N
539 1593 588 1629 nno
601 1576 713 1647 (inquit)
724 1574 815 1647 plenas
826 1594 936 1647 posuere
947 1576 1017 1631 colos
1029 1582 1058 1631 et
1068 1578 1180 1631 sumina
1192 1576 1284 1633 Parce

511 1660 649 1731 Multaque
662 1660 757 1715 delatis
769 1662 902 1716 hsesernnt
913 1662 1010 1717 saeculs
1020 1662 1083 1717 filis.

341 1778 346 1785 ·
370 1758 399 1821 A
420 1758 666 1841 pronominibus
688 1779 818 1843 quoque
841 1760 997 1825 trochaici
1018 1759 1120 1845 pedes
1141 1760 1316 1825 formantur
1337 1761 1424 1845 posi·

370 1857 458 1922 tione
482 1858 600 1941 longis,
621 1869 658 1925 ιιι
679 1859 745 1938 ille,
767 1860 838 1939 iste,
859 1860 941 1947 ipse,
962 1872 1082 1941 noster,
1104 1872 1218 1941 vester,
1243 1862 1425 1947 quisquam,

372 1960 530 2045 quisnam,
558 1959 670 2024 isdem.
731 1961 873 2025 Veniunt
906 1973 939 2026 et
971 1983 992 2026 a
1020 1964 1189 2028 verborum
1219 1964 1426 2046 significatio·

372 2059 478 2136 nibus,
504 2080 577 2143 quae
602 2061 799 2144 positionum
824 2061 953 2145 legibus
977 2062 1207 2147 producuntur,
1232 2076 1269 2130 ut
1292 2065 1427 2151 prendo,

374 2159 506 2239 scando,
527 2170 635 2239 necto,
656 2171 764 2245 pecto,
786 2182 894 2241 cerno,
917 2164 1027 2247 pingo,
1049 2164 1161 2249 ningo,
1183 2166 1303 2249 mingo,
1327 2165 1428 2249 fingo,

374 2261 481 2347 pinso,
506 2261 609 2338 hisco,
636 2283 765 2347 quusso,
791 2266 889 2342 lasso,
912 2266 1002 2343 laxo,
1025 2275 1113 2343 taxo,
1139 2268 1215 2331 faxo
1241 2265 1329 2352 quod
1352 2288 1429 2331 auo·

375 2364 495 2427 malum
522 2374 580 2441 est,
608 2385 735 2448 sperno,
760 2376 850 2444 texo,
875 2387 971 2443 vexo,
1001 2366 1132 2447 mando,
1160 2368 1281 2453 pando,
1305 2369 1429 2453 linquo,

375 2463 482 2542 vinco,
505 2463 622 2543 subdo,
647 2463 743 2545 abdo,
769 2466 887 2543 condo,
915 2487 1034 2551 pango,
1061 2468 1167 2550 cingo,
1194 2469 1294 2550 tingo,
1319 2488 1428 2550 pungo

376 2562 465 2648 quod
479 2566 602 2649 pupugi
618 2566 781 2650 praeterito
797 2565 922 2630 dicitur.

419 2668 461 2731 l).
484 2667 565 2741 Quae
591 2678 665 2733 suut
687 2670 793 2748 verba,
816 2690 888 2752 quas
912 2677 1035 2734 naturae
1060 2669 1178 2753 regulis
1201 2668 1337 2755 produci
1365 2691 1431 2737 ma·

372 2768 480 2855 jorum
502 2769 674 2833 auotoritas
696 2767 954 2834 decrevitl-M.
977 2772 1111 2856 Absque
1131 2770 1352 2856 scrupulorum
1373 2775 1432 2837 ob·

379 2867 501 2933 staculo
515 2868 587 2933 haec
607 2891 677 2935 esse
700 2870 883 2948 creduntur,
898 2871 987 2950 rado,
1006 2872 1106 2948 firmo,
1129 2871 1217 2951 dico,
1237 2871 1333 2951 duco,
1354 2874 1434 2956 giro,

378 2989 501 3054 promo,
524 2967 637 3053 prodo,
660 2969 756 3047 cudo,
777 2970 851 3052 lego
872 2971 971 3056 legas,
993 2983 1121 3036 atvero
1142 2973 1215 3056 lego
1236 2973 1315 3056 legis
1337 2973 1433 3038 corri-

379 3070 475 3154 pitur,
504 3067 620 3148 subdo,
656 3068 746 3149 sedo,
782 3071 858 3150 udo,
896 3093 989 3155 cogo,
1027 3071 1121 3151 dedo,
1157 3073 1258 3138 trado.
1318 3075 1366 3138 Ut
1400 3074 1433 3137 in

382 3170 568 3255 Georgicis:

521 3277 647 3331 Truditur
659 3295 675 3332 e
687 3279 754 3332 sieeo
764 3279 840 3332 radix
851 3280 974 3350 oleagina
984 3279 1070 3349 lignc;

383 3373 491 3455 credo,
505 3375 592 3453 nolo,
606 3375 702 3453 malo,
716 3385 771 3438 ut:

523 3483 597 3537 Malo
607 3501 713 3538 manere
724 3485 808 3554 niger,
821 3486 906 3538 minus
917 3485 1009 3538 ultima
1021 3483 1077 3538 ists
1088 3487 1203 3540 verebor.

382 3617 481 3682 pono,
494 3595 603 3675 laudo,
617 3594 712 3669 lardo,
729 3617 797 3670 oro,
814 3597 929 3675 clamo,
944 3595 1035 3671 duro,
1052 3595 1126 3672 edo,
1144 3597 1224 3675 fido,
1239 3597 1317 3678 libo,
1334 3601 1436 3683 privo,

384 3699 468 3776 vivo,
483 3719 592 3782 quaero
607 3697 753 3782 quaesiri,
767 3717 841 3761 nam
863 3717 978 3782 queror
992 3709 1134 3782 quaestus
1147 3719 1219 3764 sum
1237 3700 1438 3783 pyrrhichius

384 3811 444 3881 est,
460 3800 550 3876 ludo,
573 3820 675 3879 sumo,
698 3821 768 3879 suo,
789 3799 920 3884 plaudo,
943 3797 1048 3878 demo,
1071 3798 1162 3883 dego.
1208 3799 1298 3864 Huic
1318 3805 1436 3885 regnlae

386 3901 584 3969 concordant
609 3901 705 3966 etiam
734 3901 863 3984 passiva
890 3903 1131 3968 communisset
1156 3902 1351 3986 deponentis
1375 3913 1439 3968 tam

386 4004 548 4090 positione
571 4023 668 4087 quarn
689 4013 804 4066 ustura
824 4003 932 4083 longa,
953 4013 990 4066 ut
1011 4023 1148 4087 promor,
1162 3999 1292 4086 prodor,
1307 4014 1440 4084 scrutor,

386 4103 497 4180 vador,
518 4101 656 4186 praedor,
675 4102 777 4180 laetor,
795 4102 953 4178 Bacchor‚
970 4123 1096 4181 nascor,
1110 4112 1207 4182 rator,
1223 4113 1317 4182 tutor,
1330 4124 1439 4183 venor,

388 4205 514 4288 fungor·
558 4204 663 4280 Nitor,
677 4201 705 4266 si
721 4203 853 4267 verbum
869 4202 1038 4287 deponens
1053 4216 1110 4280 est,
1125 4203 1286 4268 trochaeus
1300 4204 1370 4283 orit,
1385 4215 1439 4282 ut,

532 4357 538 4370 .
551 4356 557 4370 .
571 4355 578 4369 .
592 4353 599 4370 .
612 4315 711 4386 aliquos
722 4318 789 4371 nitor
801 4318 951 4384 contingere
962 4334 1059 4380 ramos3

391 4426 424 4480 et
438 4416 538 4479 infra:

534 4521 634 4575 Nititur
646 4521 730 4575 aversi
741 4520 782 4574 rsl
794 4517 868 4574 lllum
879 4527 988 4588 ungere
1001 4519 1108 4574 Christi.
