3759 5425
458 667 518 730 les

769 691 813 738 ott
829 688 994 738 muninus
1011 685 1190 738 vluslrtttal.

538 840 755 906 Devotaturus
769 844 926 928 populum
944 865 1017 908 cum
1033 865 1165 927 pergere
1181 854 1269 907 vates

538 945 653 1023 Vellet,
668 957 702 1010 et
715 947 875 1012 insontem
891 948 1059 1012 verborum
1074 957 1214 1012 sternere
1231 947 1314 1010 telis,

538 1046 619 1110 Plus
634 1047 731 1128 igitur
745 1051 887 1114 conferre
903 1049 984 1112 mihi
999 1060 1030 1112 te
1045 1069 1143 1132 posse
1158 1050 1302 1122 fatebor;

538 1150 626 1222 Quin
642 1172 693 1214 me
708 1163 864 1215 terrenam
880 1149 1022 1233 dignaris
1037 1151 1176 1216 condere
1193 1150 1336 1228 sormam,

537 1250 583 1314 Et
597 1252 726 1316 brutum
742 1253 879 1336 inspiras
894 1252 987 1316 vitali
1002 1253 1131 1316 flamine
1146 1263 1278 1337 pectus3

540 1351 605 1424 Qui
619 1351 718 1416 corda
732 1352 874 1434 ingeniis
887 1372 992 1427 ornas,
1008 1363 1041 1416 et
1055 1350 1144 1416 labra
1159 1354 1309 1436 loquelis,

538 1453 770 1537 Nequidquam
784 1465 821 1516 ut
834 1453 943 1516 nullus
958 1473 1141 1518 sermonum
1155 1456 1280 1538 plectra
1294 1455 1440 1530 resolvat,

536 1553 600 1618 Sed
617 1553 736 1619 fidibus
752 1554 884 1618 citharre
898 1554 1081 1618 moduletur
1096 1553 1239 1618 carmina
1254 1554 1403 1618 Christo:

539 1655 574 1720 Si
589 1657 850 1740 veroquisquam
865 1656 1057 1721 chordarum
1072 1645 1194 1742 respuit
1207 1655 1296 1734 odas,

535 1757 582 1822 Et
595 1759 723 1841 potiora
737 1758 839 1841 eupit,
854 1779 951 1842 quam
967 1760 1075 1842 pulset
1089 1759 1217 1842 pectine
1233 1755 1391 1822 chordas:

537 1857 619 1930 Quis
633 1859 805 1924 Psalmista
819 1859 895 1943 pius
907 1859 1068 1943 psallebat
1083 1860 1231 1922 cantibus
1245 1858 1332 1936 olim,

537 1961 585 2024 Ac
601 1971 742 2024 mentem
756 1981 875 2042 magno
889 1961 986 2043 gestit
1000 1959 1218 2026 modulamine
1232 1960 1332 2044 pasci.

535 2061 580 2124 Et
594 2073 691 2125 cantu
705 2062 816 2144 gracili
830 2063 948 2143 refugit
963 2073 1136 2127 contentus
1150 2060 1286 2125 adesse:

534 2162 685 2226 Maxima
698 2163 839 2228 millenis
851 2165 1037 2228 auscultans
1052 2183 1172 2246 organa
1185 2163 1304 2240 flabris,

538 2263 683 2328 Mulceat
698 2263 841 2327 auditum
856 2265 997 2328 ventosis
1011 2265 1143 2330 follibus
1157 2264 1229 2340 iste,

537 2365 724 2438 Quamlibet
738 2366 858 2429 auratis
872 2367 1052 2446 fulgescant
1068 2377 1183 2428 crotera
1198 2364 1313 2448 capsis.

535 2468 616 2541 Quis
630 2467 751 2552 poterit
765 2466 864 2550 digne
879 2489 982 2532 rerum
999 2468 1150 2550 mysteria
1163 2489 1271 2545 nosse,

537 2571 603 2633 Aut
617 2571 762 2634 abstrusa
776 2570 840 2633 Dei
855 2590 954 2652 gnaro
968 2591 1163 2652 cognoscere
1179 2567 1297 2632 sensu?

535 2671 690 2737 Torridus
704 2671 813 2737 altaris
826 2672 860 2735 ni
876 2681 1022 2756 sumptus
1036 2667 1158 2755 forcipe
1175 2670 1283 2749 carbo,

533 2774 688 2838 Calculus
702 2788 758 2837 aut
771 2773 888 2837 ardens
902 2771 1056 2837 emundet
1071 2792 1189 2856 spurca
1202 2772 1331 2849 labella,

534 2872 606 2944 Quo
621 2873 786 2937 Cherubin
802 2872 965 2956 quondam
979 2872 1127 2955 purgavit
1140 2872 1229 2935 labra
1245 2872 1422 2955 propheta,

534 2975 581 3037 Ut
595 2974 709 3056 merito
724 2974 879 3058 deinceps
894 2974 1020 3038 coelesti
1036 2971 1154 3037 lamine
1171 2974 1312 3055 flagrans

533 3076 696 3159 Egregius
712 3076 825 3140 doctor
837 3078 925 3140 verbi
941 3077 1108 3141 claustella
1122 3077 1271 3153 resolvat,

532 3179 579 3241 Et
592 3197 698 3241 noxas
712 3178 825 3262 populi
841 3180 1008 3262 scriptura·
1024 3180 1162 3243 torribus
1177 3190 1257 3255 urat,

533 3281 702 3353 Quatenus
717 3279 759 3344 ad
775 3279 943 3345 Christum
959 3294 1123 3346 convertat
1137 3282 1288 3365 dogmate
1301 3282 1420 3366 plures,

532 3383 703 3447 Rurioolas
717 3394 845 3447 mutans
858 3382 900 3448 ad
915 3385 991 3449 eoeli
1005 3406 1104 3466 regne
1120 3384 1307 3469 phalanges.

577 3483 725 3547 Humani
741 3484 865 3565 generis
880 3484 999 3568 triplex
1015 3482 1165 3547 distantia
1179 3483 1286 3561 fertur,

532 3586 614 3659 Quae
630 3583 728 3649 modo
743 3605 801 3669 per
815 3582 972 3649 mundum
987 3584 1150 3669 triquadro
1167 3584 1297 3649 cardine
1312 3584 1411 3667 degit,

531 3688 577 3752 Et
592 3687 700 3751 studet
714 3687 749 3750 in
764 3686 858 3750 terris
872 3686 1006 3751 mereari
1022 3708 1120 3769 regna
1134 3687 1282 3750 tonantis.

575 3790 725 3875 Denique
740 3790 914 3851 nonnullos
930 3788 1058 3851 sortitur
1073 3789 1137 3852 rita
1146 3787 1278 3871 jugalis,

531 3890 596 3963 Qui
611 3899 698 3953 recte
712 3889 821 3951 vivunt
835 3910 991 3953 concessa
1004 3891 1076 3970 lege
1092 3899 1231 3951 tororum

533 3990 580 4052 Et
595 3998 758 4071 praecepta
773 3988 837 4051 Dei
854 3998 921 4051 toto
936 3988 1108 4051 conamine
1123 3988 1240 4051 mentis

534 4092 731 4156 Conseruere
746 4088 876 4154 student
890 4090 1023 4154 thalami
1040 4091 1100 4153 sub
1111 4090 1184 4173 jure
1198 4102 1373 4157 manentes.

577 4193 658 4257 Post
671 4193 744 4256 haec
758 4204 919 4255 castorum
934 4192 1053 4275 gradus
1069 4193 1158 4270 alter,
1174 4203 1207 4255 et
1221 4192 1301 4256 ordo
1316 4194 1476 4259 secundus

532 4292 764 4377 Subsequitur:
786 4292 891 4377 nupti,
905 4293 962 4377 qui
976 4293 1041 4377 jam
1058 4293 1223 4357 connubia
1235 4308 1400 4376 spernunt,

531 4396 578 4456 Ae
594 4392 718 4456 indulta
731 4392 795 4457 sihi
810 4392 964 4458 scindunt
978 4395 1152 4458 retinacula
1165 4394 1274 4473 luxae,

532 4493 651 4558 Lurida
664 4494 844 4577 linquentes
860 4516 983 4579 spureae
1000 4494 1161 4561 consortia
1173 4497 1289 4573 carnis,
