3759 5425
469 710 511 766 80
829 721 853 765 s.
871 719 1044 764 annuatur
1063 717 1162 764 arnna

468 876 564 939 fascis
578 874 704 938 sarcina
719 873 987 956 deprementibus.
1023 873 1105 936 Haec
1124 891 1248 934 morosa
1261 869 1386 934 tricatio
1400 871 1518 948 evenit,

469 987 505 1039 ut
528 976 674 1058 pollicita
699 975 840 1038 codicilli
865 975 1033 1057 rescriptio
1059 983 1147 1036 tanto
1173 971 1325 1054 temporis
1349 971 1519 1034 intervallo

471 1077 647 1141 diutissime
668 1077 886 1159 protelaretur.
935 1076 1070 1138 Rimosa
1094 1094 1233 1158 namque
1255 1071 1376 1154 fragilis
1394 1072 1519 1154 ingenii

469 1182 577 1255 barca,
599 1178 676 1242 dirae
699 1177 895 1261 tempestatis
919 1177 1045 1240 turbine
1072 1185 1231 1258 quassata,
1251 1173 1330 1237 licet
1352 1175 1518 1236 laborante

469 1283 660 1344 lacertorum
685 1276 817 1358 remigio
840 1287 983 1359 optatum
1010 1274 1127 1337 silentii
1155 1283 1281 1357 portum
1307 1295 1377 1338 sero
1401 1274 1517 1354 attigit.

470 1381 537 1446 Sed
564 1393 671 1444 tamen
699 1391 817 1443 nostrae
842 1378 1026 1441 rusticitatis
1046 1377 1207 1460 stipulatio
1232 1397 1369 1460 superno
1395 1375 1518 1441 christi

468 1484 648 1569 patrocinio
685 1481 765 1546 freta
797 1481 991 1546 fiducialiter
1025 1479 1179 1557 confidit;
1216 1479 1304 1564 quod
1337 1487 1517 1542 nostrarum

470 1586 602 1649 carbasa
616 1595 824 1647 antennarum
837 1582 998 1666 prosperis
1013 1591 1178 1645 ventomm
1188 1580 1369 1644 flaminibus
1380 1580 1517 1659 sinuata,

469 1685 562 1769 quasi
583 1686 666 1747 inter
687 1685 810 1746 scillam
832 1682 1005 1746 soloecismi
1028 1691 1059 1746 et
1080 1681 1266 1746 barbarismi
1286 1682 1448 1744 baratrum
1469 1681 1518 1744 in-

469 1786 621 1870 disruptis
643 1783 830 1848 uidentibus
856 1784 1001 1847 foeliciter
1027 1782 1302 1860 transfretaverint,
1328 1783 1517 1866 scopulosas

470 1908 599 1973 quoqne
626 1886 805 1950 lautacismi
837 1886 1029 1963 collisiones,
1058 1894 1092 1947 et
1121 1884 1321 1967 moytacismi
1349 1885 1518 1966 voragines

468 1990 616 2053 incautos
646 2009 792 2071 quosque
818 1987 886 2050 sine
913 1986 1190 2067 grammaticorum
1219 1986 1437 2068 gubernaculo
1467 2008 1516 2052 re-

469 2101 577 2174 pertos
598 2088 639 2152 ad
661 2089 772 2151 erroris
790 2089 955 2171 naufragia
973 2088 1104 2152 truciter
1123 2086 1286 2150 trudentes
1299 2089 1428 2152 minime
1443 2109 1518 2172 per·

469 2190 659 2254 horruerint.

512 2293 584 2356 LX.
608 2293 706 2356 Porro
729 2291 997 2376 quemadmodum
1018 2293 1145 2357 intacta
1161 2291 1360 2376 Virginitatis
1381 2293 1516 2376 gloriam

468 2395 633 2459 rhetoricis
647 2395 798 2457 relatibus
811 2393 1027 2457 favorabiliter
1041 2393 1184 2458 venerari
1198 2394 1341 2471 nitebar3
1361 2395 1409 2458 sic
1424 2395 1518 2460 iden·

469 2495 577 2575 tidem,
601 2497 628 2560 si
651 2497 713 2561 hoc
739 2517 892 2561 carneum
917 2497 1033 2560 animae
1060 2498 1254 2578 ergastulum
1280 2509 1352 2560 ante
1374 2497 1458 2576 fatis,
1480 2507 1516 2564 nt

468 2597 595 2676 dicitur,
610 2597 872 2662 crudescentibus
894 2596 1132 2664 cassabundum
1151 2619 1217 2660 non
1238 2597 1416 2677 obionitae
1435 2598 1516 2663 dura

468 2701 640 2766 Parcarum
662 2701 753 2786 quies
768 2709 802 2765 et
816 2699 935 2764 ferreus
948 2699 1027 2764 lethi
1043 2722 1175 2765 somnus
1195 2701 1418 2786 palpebrarum
1437 2724 1515 2767 con·

467 2805 592 2867 volatus
620 2826 687 2867 non
716 2805 886 2882 tricaverit,
915 2804 1054 2867 heroicis
1083 2804 1340 2868 hexametrorum
1368 2806 1514 2869 versibus

467 2905 612 2989 ejusdem
639 2907 836 2989 praeconium
861 2906 1028 2991 pudicitiae
1051 2908 1208 2971 subtiliter
1232 2928 1358 2971 comere
1385 2906 1514 2973 Christo

467 3018 659 3088 cooperante
673 3008 834 3082 conabor;
857 3019 889 3070 et
904 3010 991 3071 velut
1006 3008 1105 3093 jactis
1119 3009 1189 3093 jam
1203 3009 1384 3073 Rhetoricis
1398 3010 1514 3075 funda-

467 3107 582 3169 mentis
604 3128 642 3169 ac
669 3110 861 3173 constructis
884 3132 988 3194 prosoe
1014 3112 1188 3195 parietibus
1212 3133 1287 3175 cum
1310 3113 1427 3195 tegnlis
1450 3124 1514 3177 tro·

467 3207 589 3271 chaicis
617 3217 651 3271 et
678 3207 837 3272 dactilicis
871 3223 1041 3277 metrorum
1074 3212 1262 3277 imbricibus
1294 3214 1514 3278 firmissimum

466 3310 592 3374 culmen
608 3310 731 3373 coelesti
746 3312 888 3376 confisus
910 3314 1062 3396 suffragio
1079 3316 1251 3399 imponam.
1296 3317 1513 3381 Veruntamen

464 3410 651 3494 promisium
673 3413 838 3495 sequentis
852 3415 1001 3495 Eulogiae
1023 3418 1258 3491 munusculum,
1273 3437 1338 3479 non
1356 3416 1447 3481 aliter
1460 3439 1512 3481 me

466 3512 695 3598 spospondisse
717 3526 908 3580 mementote
930 3518 964 3581 ni
989 3528 1119 3601 torpens
1144 3526 1261 3581 nostra
1286 3517 1515 3584 mediocritatis

465 3616 641 3700 ingenium,
667 3616 754 3701 qnod
785 3618 875 3703 quasi
907 3620 997 3683 focus
1023 3620 1118 3684 fulvis
1145 3620 1320 3683 favillamm
1350 3620 1514 3685 cineribus

466 3729 649 3801 coopertus:
677 3717 797 3781 Sinon
818 3718 914 3783 fuerit
935 3719 1122 3784 sciscitandi
1144 3728 1200 3783 aut
1223 3720 1384 3783 scribendi
1403 3721 1513 3785 fomite

464 3839 653 3882 succensum
669 3820 797 3901 frigenti
820 3834 960 3905 tempore
982 3823 1129 3900 tabescit,
1144 3824 1265 3887 iteratis
1280 3823 1416 3886 totidem
1430 3824 1511 3908 Epi-

465 3919 615 3981 stularum
637 3920 763 4003 scriptis
785 3920 935 4002 instigare
959 3921 1147 4004 dignemini,
1169 3924 1256 4008 quod
1278 3923 1513 4007 praecedentem

464 4019 565 4083 libelli
580 4027 704 4083 textum
725 4043 895 4106 nequaque
916 4024 1027 4108 lepida
1045 4026 1234 4091 urbanitatis
1253 4026 1404 4092 facundia
1424 4027 1513 4109 dige-

465 4133 558 4199 stum,
587 4122 723 4187 fidenter
755 4123 925 4207 impetrare
960 4128 1179 4190 merebamini.
1236 4127 1367 4192 Etenim
1398 4130 1513 4193 frustm

464 4224 627 4307 sequentis
651 4221 798 4306 opusculi
824 4227 950 4290 sarcina
978 4227 1139 4293 desudans
1163 4232 1333 4295 laboriosis
1361 4230 1512 4295 oneribus

463 4326 616 4388 lacessere
637 4325 730 4404 nitar,
751 4326 812 4388 nisi
833 4326 1045 4409 precedentis
1068 4330 1242 4414 Scripturas
1265 4332 1372 4395 stilum
1400 4342 1511 4396 vestrae

462 4426 627 4508 sagacitati
648 4426 715 4490 fore
737 4438 862 4510 gratum
884 4430 1041 4514 experiar,
1058 4434 1258 4515 potissimum
1282 4457 1355 4500 cum
1379 4437 1512 4499 metrica

461 4528 580 4610 leporis
604 4530 760 4609 elegantia
782 4541 814 4592 et
839 4531 1019 4595 Rhetoricae
1046 4532 1292 4600 dissertiurdinis
1317 4538 1510 4621 eloquentia,
