3759 5425
622 754 778 801 urrsrom
793 756 836 800 an
851 756 1031 816 aeracius,
1046 756 1118 803 nro.
1334 747 1395 807 un

334 903 522 987 Participia
536 905 745 971 nibilominus
764 908 874 991 poeoni
895 908 1040 973 secundo
1062 930 1235 993 congruere
1249 912 1397 977 videntur

334 1004 375 1067 in
401 1004 600 1069 nominativo
622 1017 655 1070 et
670 1006 777 1072 dativo
792 1007 909 1091 plurali
923 1029 1039 1089 genere
1061 1021 1187 1087 neutro,
1201 1021 1238 1075 ut
1254 1012 1396 1077 videntia

338 1107 542 1184 videntibus,
558 1109 699 1191 vigentia
713 1110 905 1191 vigentibus
927 1111 1047 1176 olentia
1068 1113 1242 1192 olentibus,
1261 1114 1398 1179 nitentia

336 1209 522 1273 nitentibus
550 1230 622 1295 quea
650 1210 785 1273 nitorem
814 1230 881 1273 non
916 1212 1024 1275 nisum
1061 1212 1242 1296 designant,
1270 1213 1397 1279 litantia

337 1310 524 1389 litantibus,
538 1311 691 1375 micantia
704 1311 909 1391 micantibus,
931 1312 1054 1378 luentia
1070 1314 1243 1392 luentibus,
1259 1313 1399 1380 fruentia

339 1414 534 1492 fruentibus,
549 1414 658 1478 euntia
672 1414 832 1477 euntibus.

389 1515 434 1578 D.
457 1515 512 1578 Da
525 1514 690 1579 divisionis
704 1516 809 1597 legem
822 1514 857 1577 in
876 1534 991 1597 paeone
1011 1515 1260 1580 secundo-M.
1276 1514 1393 1593 Quem·

340 1615 522 1680 admodum
538 1626 723 1679 antecessor
736 1616 886 1699 sescupla
900 1615 1094 1681 discretione
1109 1616 1284 1681 dirimitur:
1314 1616 1395 1680 arsis

341 1738 421 1781 vero
436 1729 469 1781 et
482 1718 580 1781 thesis
595 1726 628 1781 et
641 1726 794 1783 accentus
809 1715 922 1781 eadem
938 1726 1116 1805 temporum
1130 1719 1240 1802 regula
1255 1717 1394 1801 fungun-

343 1830 398 1884 tur
414 1841 509 1904 quam
524 1820 558 1881 in
573 1840 688 1904 paone
702 1820 809 1904 priore
823 1820 948 1902 prefati
961 1841 1081 1884 sumus.

715 1921 768 1985 De
782 1923 901 1987 Poeone
916 1925 1024 1987 tertio.

389 2024 433 2087 D.
450 2024 611 2108 Exempla
624 2023 752 2088 Paeonis
760 2023 844 2087 tertii
855 2020 1184 2105 depromantur-M.
1196 2026 1396 2091 Nemorosus

347 2125 397 2207 (id
413 2133 464 2190 est
482 2125 667 2189 nemoribus
681 2124 812 2208 plenus)
825 2146 834 2187 z
860 2125 906 2189 sic
922 2124 1107 2205 decorosus,
1122 2128 1297 2211 speciosus,
1310 2127 1395 2191 rabi·

344 2247 434 2303 osus,
448 2226 592 2289 cariosus
601 2223 647 2302 (id
659 2236 707 2289 est
716 2224 877 2289 varicibus
887 2226 1014 2308 plenus,
1024 2227 1200 2301 scabiosus.
1212 2245 1395 2309 generosus,

343 2328 546 2406 macilentus,
562 2329 771 2405 truculentus,
785 2328 1199 2409 gracilentm,faeculeuu1s,
1211 2329 1395 2411 opulentus,

345 2429 512 2509 oriundus,
540 2428 763 2507 moribundus,
790 2425 1006 2507 rudibundus,
1027 2428 1210 2506 Palinurus,
1231 2426 1394 2512 palimus:

344 2543 382 2596 m
396 2532 475 2595 lund
486 2580 608 2684 bonnus
618 2636 645 2683 et
655 2630 736 2701 spinis
746 2633 837 2697 surgat
849 2626 971 2681 Paliurns
981 2628 1079 2692 acutia

346 2731 481 2806 alienus,
496 2729 678 2807 sceleratus,
687 2727 842 2809 galeatus,
852 2725 1026 2803 tunicatus,
1040 2725 1215 2806 trabeatum,
1229 2737 1396 2808 cuneatus,

346 2830 518 2914 equitatuS,
526 2827 698 2912 peditatus,
710 2826 889 2904 comitatus,
898 2827 1057 2909 capitalis,
1067 2828 1222 2909 glacialis,
1234 2831 1395 2914 specialis,

347 2931 514 3013 generalis,
527 2930 676 3009 lateralis,
690 2928 840 3007 Cerealis,
855 2939 910 2992 ut:

906 3025 1017 3082 Cereale
1027 3043 1139 3100 papaver

591 3112 707 3184 Tempus
718 3112 797 3166 humo
806 3117 911 3181 tegerem

348 3231 509 3296 operosus,
523 3210 715 3289 maculosus,
725 3230 925 3288 numerosus,
936 3228 1101 3283 onerosus,
1110 3209 1282 3290 animosus,
1292 3231 1395 3294 popu·

349 3315 446 3392 lesus,
468 3311 638 3394 spatiosus,
660 3311 811 3374 oculosus
834 3321 866 3374 et
887 3310 1055 3374 oculatus:
1078 3319 1115 3373 ut
1128 3311 1394 3394 Apocalypseos:

349 3413 507 3479 Animalia
521 3411 721 3476 antrinsecur
736 3411 872 3474 comata.

391 3515 432 3578 D.
455 3513 702 3598 Praepositorum
719 3510 762 3576 da
780 3508 993 3574 differentiam
1012 3508 1283 3571 nominum-M.
1300 3509 1396 3582 Quod

351 3616 456 3680 omnia
469 3614 603 3679 mobilia
622 3619 748 3677 suntet
767 3610 910 3695 epitheta
928 3606 1089 3685 dicuntur,
1104 3607 1253 3690 exceptis
1271 3608 1396 3692 paliuro

351 3729 382 3784 et
402 3717 562 3794 Palinuro,
584 3724 617 3778 et
637 3713 701 3777 illis
726 3733 799 3797 quae
823 3711 864 3774 ab
890 3708 998 3793 equite
1024 3716 1058 3772 et
1077 3706 1187 3791 pedite
1210 3728 1250 3771 ac
1278 3707 1395 3772 comite

351 3819 489 3884 derivata
502 3815 705 3901 protulimus,
719 3813 796 3899 quia
811 3831 911 3896 eques
926 3820 959 3873 et
976 3821 1111 3893 equetus
1130 3829 1231 3871 unum
1244 3808 1395 3891 idemque

351 3933 403 3986 est
433 3921 488 3985 Sic
502 3917 602 4003 pedes
616 3928 649 3980 et
662 3915 829 4001 pedester:
854 3913 1015 3997 equitatus
1036 3931 1112 3974 vero
1128 3919 1162 3973 et
1175 3908 1339 3992 peditatus
1353 3910 1395 3975 ad

351 4042 514 4086 numerum
530 4019 675 4103 equitum
690 4025 724 4081 et
737 4013 881 4100 peditum
896 4013 1112 4098 pertinebunt.

392 4123 432 4185 D.
449 4121 510 4185 Cui
526 4121 635 4184 formae
647 4117 766 4182 casuali
780 4117 913 4200 praelata
926 4112 1094 4176 nominum
1110 4112 1261 4195 exempla
1274 4113 1395 4176 manci·

243 4235 244 4240 ’
352 4221 575 4309 panturl—M.
591 4219 709 4284 Omnia
722 4215 872 4281 secundae
884 4213 1111 4277 declinationis
1121 4212 1155 4274 in
1166 4233 1219 4275 -us
1228 4212 1397 4277 terminata

352 4331 533 4410 pentaptota
548 4321 671 4385 suntin
687 4317 840 4399 singulari
853 4335 999 4386 numero,
1014 4322 1186 4396 tetraptota
1200 4311 1234 4374 in
1249 4312 1374 4395 plurali.

394 4427 433 4488 D.
458 4424 540 4495 Quae
562 4431 637 4486 sunt
657 4421 827 4484 verborum
847 4416 997 4498 exempla
1017 4413 1126 4496 paeoni
1144 4412 1237 4476 tertio
1260 4434 1395 4496 congru-

354 4524 548 4591 entia?-M.
564 4523 740 4588 Sumuntur
763 4517 891 4601 quidem
914 4538 933 4580 a
955 4515 1058 4597 prima
1080 4524 1112 4578 et
1131 4514 1225 4577 tertia
1244 4515 1396 4600 conjuga·
