3759 5425
453 670 516 731 986
732 682 889 731 arrarum
902 680 947 728 ao
960 678 1139 741 scracrma,
1155 678 1227 726 sac.

453 835 540 921 quod
561 856 663 919 genus
686 836 927 901 versificationis
949 834 1031 900 adeo
1053 833 1166 897 durum
1187 842 1220 895 et
1235 832 1370 894 horrens
1389 838 1449 903 est,
1469 835 1505 886 nt

451 938 591 1001 Albinus
613 939 648 1001 in
670 939 763 1016 libro,
778 958 874 1021 quem
890 936 931 999 do
952 934 1059 999 metris
1081 934 1218 1017 scripsit,
1234 942 1320 995 vetet
1341 924 1505 1013 spondeis

451 1048 553 1103 totum
577 1039 768 1104 concludere
791 1058 926 1101 versum.
974 1034 1040 1101 Sed
1061 1033 1215 1120 adjuncto
1236 1032 1367 1116 dactylo
1389 1027 1505 1113 quinta

452 1140 581 1222 regione
597 1138 737 1224 apertius
753 1138 899 1203 comitur.
921 1151 925 1160 ·

497 1239 540 1301 D.
570 1240 611 1302 In
637 1260 729 1303 versu
753 1238 814 1302 xiii
841 1238 1035 1320 syllabarum
1062 1234 1151 1319 qnod
1175 1233 1340 1297 schemata
1362 1226 1505 1294 suntl-

452 1338 501 1403 M.
524 1338 686 1422 Quinque,
701 1339 771 1403 sine
784 1337 996 1402 dubitationis
1009 1336 1171 1419 scrupulo.

496 1438 539 1501 D.
562 1438 744 1515 Quomodo,
756 1459 859 1524 quave
873 1436 1110 1501 rational-M.
1133 1435 1185 1499 Ibi
1198 1434 1320 1519 quippe
1330 1453 1417 1495 unus
1427 1429 1504 1493 dac·

451 1539 538 1622 tylus
567 1538 649 1603 inter
677 1537 849 1623 spondaeos
877 1536 1037 1601 admissus
1066 1536 1217 1601 omnibus
1246 1535 1391 1617 quinque
1422 1530 1505 1594 locis

452 1639 552 1703 libere
568 1638 719 1704 decurrit.

496 1741 539 1803 D.
572 1740 626 1804 Ad
651 1739 853 1822 indagandos
876 1740 927 1804 bis
951 1739 1007 1802 xvi
1032 1738 1213 1821 dactylicos
1238 1746 1411 1799 metrorum
1435 1752 1504 1796 am·

452 1843 573 1906 fracars
600 1840 820 1906 meditantium
850 1851 975 1905 mentes
1004 1840 1130 1904 facilius
1158 1839 1342 1914 flectuntur,
1371 1834 1506 1918 prolatis

451 1943 673 2025 exemplorum
698 1942 842 2006 formulis
869 1941 986 2007 stolide
1012 1944 1196 2005 obstrusum
1220 1936 1408 2019 ignorantie
1430 1936 1504 1999 lati·

451 2044 563 2105 bulum
589 2043 823 2109 illustrantibus
846 2066 943 2127 quam
966 2042 1056 2107 nuda
1080 2042 1277 2125 garrulorum
1306 2037 1504 2121 loquacitate

452 2140 732 2207 verboruml—M.
748 2146 868 2207 Versus
878 2144 937 2207 xiii
950 2144 1144 2226 syllabarum
1155 2140 1335 2204 hexametri
1350 2138 1506 2219 singulari

452 2243 582 2327 dactylo
597 2264 671 2307 cum
683 2254 840 2328 quaterno
856 2243 1014 2327 spondero
1026 2252 1178 2306 constans
1189 2241 1303 2324 quinas
1314 2250 1352 2303 nt
1362 2238 1505 2303 diximus

451 2346 513 2411 sibi
528 2356 660 2429 usurpat
674 2346 810 2427 species.
854 2345 991 2408 Ponitur
1004 2345 1078 2407 loco
1091 2342 1196 2426 primo
1211 2340 1359 2424 dactylus
1373 2340 1436 2403 ita:

590 2450 624 2503 ln
635 2466 708 2504 cruos
720 2448 839 2504 continue
851 2449 975 2503 mondum
988 2448 1110 2501 Christus
1121 2446 1239 2501 salvavit.

451 2567 542 2630 Loco
558 2562 713 2641 secundo,
726 2563 791 2628 ita:

592 2667 716 2723 cbristus
726 2666 797 2722 lilius
806 2666 891 2721 eterni
902 2664 1014 2721 salvavit
1024 2666 1157 2720 mundum

452 2786 540 2850 Loco
554 2781 659 2861 tertio,
673 2782 738 2846 ita:

591 2887 712 2941 Christus
723 2904 770 2959 per
779 2885 881 2954 lignum
893 2886 976 2938 crucis
986 2884 1072 2939 aufert
1083 2885 1173 2938 mundi
1184 2902 1289 2938 noxam.

449 3005 540 3068 Loco
557 3013 681 3088 quarto,
695 3002 757 3066 ita:

590 3107 724 3162 Scandsns
735 3109 763 3161 in
774 3107 847 3176 ligno
860 3107 981 3160 Christus
993 3107 1065 3160 dedit
1076 3105 1180 3160 arrham
1190 3107 1258 3159 ritae.

451 3224 540 3287 Loco
556 3221 681 3306 quinto,
696 3223 761 3288 ita:

592 3328 757 3400 suspendens
769 3328 858 3381 mundi
871 3327 992 3381 Christus
1003 3329 1151 3400 peccamina
1162 3328 1283 3400 dempmt.

493 3441 536 3506 D.
570 3442 689 3506 Versus
717 3439 772 3504 xiv
802 3441 997 3523 syllabarum
1027 3452 1107 3525 quot
1134 3442 1299 3507 schemata
1333 3442 1432 3509 babet
1443 3442 1503 3508 l-

449 3546 497 3608 Μ.
521 3543 706 3608 Certissima
720 3541 919 3622 definitione,
934 3542 1048 3607 decem
1063 3545 1283 3609 schematibus
1298 3555 1435 3610 constat

493 3646 536 3710 D.
563 3644 618 3708 Da
636 3667 693 3729 per
715 3643 862 3710 ordinem
884 3644 1058 3709 earundem
1079 3647 1259 3730 specierum
1280 3645 1502 3710 rationem?-

449 3748 498 3810 M.
520 3748 586 3810 Aut
601 3746 687 3808 enim
706 3745 811 3830 primo
831 3755 863 3810 et
883 3744 1026 3809 secundo
1041 3748 1114 3810 loco
1129 3746 1276 3831 dactylus
1291 3748 1431 3830 ponitur,
1445 3761 1503 3814 aut

449 3847 553 3930 primo
569 3855 601 3910 et
615 3847 719 3924 tertio,
733 3859 789 3910 aut
809 3847 915 3930 primo
937 3857 969 3909 et
984 3857 1108 3929 quarto,
1123 3859 1178 3911 aut
1198 3849 1301 3932 primo
1322 3860 1355 3912 et
1374 3850 1501 3933 quinto,

448 3958 504 4012 aut
522 3946 664 4010 secundo
686 3955 719 4010 et
737 3947 841 4024 tertio,
855 3959 911 4009 aut
930 3947 1074 4010 secundo
1094 3957 1127 4011 et
1148 3957 1272 4032 quarto,
1287 3957 1341 4012 aut
1356 3949 1500 4014 secundo

450 4059 482 4114 et
507 4048 631 4133 quinto,
653 4057 708 4111 aut
729 4047 822 4111 tertio
848 4058 880 4111 et
906 4058 1030 4131 quarto,
1051 4059 1107 4112 aut
1128 4049 1221 4112 tertio
1243 4063 1277 4113 et
1298 4049 1422 4133 quinto,
1445 4063 1502 4116 aut

449 4159 563 4236 quarto
578 4157 611 4213 et
626 4149 748 4233 quinto.
793 4149 869 4212 Hoc
885 4148 983 4212 modo
999 4147 1138 4234 decupla
1153 4151 1354 4216 schematum
1371 4153 1499 4236 species

449 4252 628 4316 alternatim
642 4251 760 4314 inserta
774 4261 973 4334 supputatur.

492 4353 534 4415 D.
559 4353 611 4416 Da
641 4353 800 4438 exemplis
829 4353 944 4416 horum
968 4350 1303 4438 probationcml—M.
1335 4355 1499 4418 Juvencus

448 4453 617 4537 Hispanus
631 4453 735 4536 primo
750 4454 876 4536 prologi
892 4474 985 4517 versu
999 4453 1094 4538 hujus
1109 4454 1154 4518 rei
1169 4453 1315 4520 notitiam
1330 4454 1458 4540 pandit:

672 4573 824 4628 Immortale
832 4575 898 4628 nihil
910 4577 1000 4629 mundi
1011 4593 1136 4646 compage
1148 4581 1263 4630 tenebar:
