3759 5425
618 783 662 828 nn
678 781 823 829 ausuros
839 781 1028 844 nuruum,
1044 783 1116 829 nro.
1308 825 1311 832 ,
1346 767 1407 826 117

447 933 680 1021 Unusquisque
697 957 814 1000 novum
831 949 936 999 comat
952 959 1025 1001 cum
1040 958 1118 1001 voce
1133 937 1300 1011 sacellum,

446 1033 491 1097 Et
505 1037 607 1100 lector
620 1038 776 1101 lectrixve
791 1038 958 1101 volumina
972 1059 1063 1102 sacra
1076 1039 1222 1101 resolvat.

445 1136 546 1228 Istam
561 1159 677 1222 nempe
694 1139 790 1217 diem,
807 1161 871 1223 qua
886 1141 1000 1222 templi
1015 1141 1097 1203 festa
1111 1147 1292 1213 coruscant,

447 1237 622 1303 Nativitate
639 1261 697 1304 sua
712 1242 848 1304 sacravit
862 1242 950 1322 virgo
966 1242 1083 1319 Maria,

444 1337 549 1410 Quam
560 1340 684 1424 jugiter
697 1355 853 1405 renovant
867 1343 1003 1424 Augusti
1018 1352 1164 1426 tempora
1178 1341 1299 1404 mensis

445 1437 613 1504 Dividitur
627 1442 733 1505 medio
750 1444 826 1506 dum
842 1453 964 1507 torrens
980 1444 1106 1507 sextilis
1121 1445 1210 1522 orbe,

446 1540 511 1613 Qui
525 1544 622 1606 nobis
636 1544 749 1608 iterum
765 1555 920 1608 restaurat
935 1545 1054 1628 gaudia
1067 1545 1195 1620 mentis,

446 1641 534 1704 Dum
550 1645 676 1707 vicibus
690 1645 826 1709 redeunt
841 1647 988 1710 solennia
1002 1647 1084 1711 festa
1098 1647 1224 1720 Mariae,

445 1743 488 1806 Et
504 1745 687 1809 veneranda
701 1747 763 1830 piis
779 1748 914 1828 flagrant
928 1748 1040 1811 altaria
1054 1747 1158 1810 donis.

447 1845 528 1908 Haec
544 1845 659 1911 domus
675 1848 806 1912 interius
821 1845 1006 1931 resplendet
1020 1850 1094 1912 luce
1106 1868 1229 1926 serena,

446 1945 550 2018 Quam
565 1949 613 2010 sol
629 1969 687 2032 per
701 1949 815 2012 vitreas
830 1950 968 2013 illustrat
982 1951 1060 2014 forte
1076 1951 1241 2026 fenestras,

445 2045 597 2130 Limpida
612 2048 767 2132 quadrato
785 2047 972 2113 diffundens
985 2049 1111 2113 lumina
1126 2049 1256 2133 templo.

446 2147 588 2212 Plurima
602 2150 744 2214 basilicae
760 2163 833 2214 sunt
849 2162 1037 2215 ornamenta
1051 2151 1200 2230 recentis,

446 2252 552 2313 Aurea
566 2253 721 2314 contortis
737 2254 915 2317 flavescuut
929 2254 1028 2336 pallia
1043 2254 1117 2331 filis,

448 2351 528 2422 Quae
545 2365 621 2415 sunt
636 2354 744 2416 altaris
760 2356 840 2419 sacri
855 2357 1013 2418 velamina
1026 2356 1149 2438 pulcra.

445 2451 569 2516 Aureus
584 2466 680 2538 atquc
696 2457 781 2519 calix
798 2458 932 2537 gemmis
948 2456 1095 2537 fulgescit
1110 2468 1249 2540 opertus,

448 2553 493 2615 Ut
509 2553 623 2618 caelum
638 2557 748 2619 rutilat
762 2558 863 2620 stellis
878 2558 1065 2620 ardentibus
1081 2567 1203 2639 aptum,

443 2655 497 2719 Sic
513 2658 579 2721 lata
592 2669 721 2740 argento
738 2671 862 2723 constat
878 2659 1031 2723 fabricata
1045 2669 1177 2743 patena,

446 2757 526 2829 Qua
542 2756 651 2823 divina
667 2771 907 2842 geruntuost1·ae
926 2760 1140 2824 medicamina
1156 2760 1239 2839 vitae,

446 2858 588 2942 Corpore
603 2882 676 2925 nam
694 2862 813 2926 Christi
829 2884 985 2947 sacroque
1001 2882 1112 2925 cruore
1129 2862 1295 2925 nutrimur.

445 2961 511 3024 Hic
528 2963 634 3027 crucis
649 2985 689 3026 ex
708 2986 784 3027 aruo
799 2963 996 3047 splendescit
1010 2965 1128 3027 lamina
1143 2965 1242 3043 fulvo,

445 3062 644 3147 Argentique
660 3064 753 3128 simul
771 3067 906 3146 gemmis
922 3079 1034 3130 ornata
1048 3068 1186 3131 metalla.

446 3162 512 3227 Hic
529 3185 658 3248 quoque
674 3166 871 3230 thuribulum
887 3169 1047 3251 capitellis
1061 3168 1206 3253 undique
1222 3169 1377 3247 cinctum,

444 3263 571 3327 Pendet
587 3264 626 3329 de
642 3288 777 3345 summo,
792 3270 918 3333 fumosa
933 3271 1088 3334 foramina
1103 3270 1260 3352 pandens.

448 3364 502 3427 De
519 3366 636 3449 quibus
651 3370 841 3433 ambrosiam
858 3372 1027 3455 spirabunt
1041 3372 1133 3435 thura
1149 3372 1265 3435 Sabaea

445 3466 583 3538 Quando
599 3469 780 3533 sacerdotes
795 3471 910 3535 missas
925 3475 1037 3535 offerre
1047 3472 1211 3556 jubentur.

446 3568 543 3630 Nunc
560 3568 645 3631 clara
659 3570 804 3651 ingenito
820 3572 945 3635 dicatur
959 3573 1060 3653 gloria
1074 3573 1168 3655 patri,

445 3669 516 3731 Nec
532 3668 638 3731 minus
653 3682 685 3733 et
699 3672 806 3753 genito
822 3684 986 3756 promatur
999 3672 1101 3751 gloria
1114 3682 1202 3749 nato,

446 3768 583 3853 Spiritus
600 3780 696 3854 atque
714 3794 804 3836 sacer
820 3773 961 3836 consorti
975 3771 1071 3839 laude
1088 3773 1217 3835 fruatur.
