<?xml version="1.0" encoding="UTF-8"?>
<!DOCTYPE html PUBLIC "-//W3C//DTD XHTML 1.0 Transitional//EN"
    "http://www.w3.org/TR/xhtml1/DTD/xhtml1-transitional.dtd">
<html xmlns="http://www.w3.org/1999/xhtml" xml:lang="en" lang="en">
 <head>
  <title>
</title>
<meta http-equiv="Content-Type" content="text/html;charset=utf-8" />
  <meta name='ocr-system' content='tesseract 3.04.00' />
  <meta name='ocr-capabilities' content='ocr_page ocr_carea ocr_par ocr_line ocrx_word'/>
</head>
<body>
  <div class='ocr_page' id='page_1' title='image "./operaquextantom00aldhgoog_0336.png"; bbox 0 0 3759 5425; ppageno 0'>
   <div class='ocr_carea' id='block_1_1' title="bbox 462 334 1631 800">
    <p class='ocr_par' dir='ltr' id='par_1_1' title="bbox 462 334 1631 800">
     <span class='ocr_line' id='line_1_1' title="bbox 462 334 1631 800; baseline -0.006 -39"><span class='ocrx_word' id='word_1_1' title='bbox 462 702 524 761; x_wconf 81' lang='grc'>308</span> <span class='ocrx_word' id='word_1_2' title='bbox 741 712 895 758; x_wconf 81' lang='lat' dir='ltr'>nrrsrom</span> <span class='ocrx_word' id='word_1_3' title='bbox 914 714 957 758; x_wconf 74' lang='lat' dir='ltr'>ro</span> <span class='ocrx_word' id='word_1_4' title='bbox 973 710 1149 769; x_wconf 74' lang='lat' dir='ltr'>someron,</span> <span class='ocrx_word' id='word_1_5' title='bbox 1166 712 1238 757; x_wconf 84' lang='lat' dir='ltr'>arc.</span> <span class='ocrx_word' id='word_1_6' title='bbox 1606 334 1631 800; x_wconf 75' lang='lat' dir='ltr'>i</span> 
     </span>
    </p>
   </div>
   <div class='ocr_carea' id='block_1_2' title="bbox 465 826 1636 1205">
    <p class='ocr_par' dir='ltr' id='par_1_2' title="bbox 465 826 1636 1205">
     <span class='ocr_line' id='line_1_2' title="bbox 465 826 1636 953; baseline -0.005 -22"><span class='ocrx_word' id='word_1_7' title='bbox 465 868 661 953; x_wconf 85' lang='lat' dir='ltr'>primitivum</span> <span class='ocrx_word' id='word_1_8' title='bbox 687 880 751 931; x_wconf 90' lang='lat' dir='ltr'>est:</span> <span class='ocrx_word' id='word_1_9' title='bbox 786 864 872 931; x_wconf 89' lang='lat' dir='ltr'>unde</span> <span class='ocrx_word' id='word_1_10' title='bbox 895 866 1066 931; x_wconf 81' lang='lat' dir='ltr'>Terentius</span> <span class='ocrx_word' id='word_1_11' title='bbox 1087 866 1163 929; x_wconf 78' lang='lat' dir='ltr'>Aser</span> <span class='ocrx_word' id='word_1_12' title='bbox 1191 865 1225 927; x_wconf 91' lang='lat' dir='ltr'>in</span> <span class='ocrx_word' id='word_1_13' title='bbox 1247 863 1448 927; x_wconf 83' lang='lat' dir='ltr'><strong>Phormione</strong></span> <span class='ocrx_word' id='word_1_14' title='bbox 1480 862 1534 926; x_wconf 81' lang='lat' dir='ltr'>sie</span> <span class='ocrx_word' id='word_1_15' title='bbox 1628 826 1636 940; x_wconf 69' lang='lat' dir='ltr'>i</span> 
     </span>
     <span class='ocr_line' id='line_1_3' title="bbox 466 969 1636 1033; baseline -0.003 0"><span class='ocrx_word' id='word_1_16' title='bbox 466 969 526 1033; x_wconf 89' lang='lat' dir='ltr'>ait:</span> <span class='ocrx_word' id='word_1_17' title='bbox 1634 1019 1636 1030; x_wconf 24' lang='grc' dir='ltr'><em>Α</em></span> 
     </span>
     <span class='ocr_line' id='line_1_4' title="bbox 606 1064 1191 1137; baseline -0.007 -16"><span class='ocrx_word' id='word_1_18' title='bbox 606 1068 716 1121; x_wconf 74' lang='lat' dir='ltr'>Amicus</span> <span class='ocrx_word' id='word_1_19' title='bbox 728 1082 843 1119; x_wconf 80' lang='lat' dir='ltr'>summm</span> <span class='ocrx_word' id='word_1_20' title='bbox 855 1082 928 1119; x_wconf 85' lang='lat' dir='ltr'>meua</span> <span class='ocrx_word' id='word_1_21' title='bbox 939 1072 967 1118; x_wconf 88' lang='lat' dir='ltr'>et</span> <span class='ocrx_word' id='word_1_22' title='bbox 978 1064 1108 1137; x_wconf 79' lang='lat' dir='ltr'>populan‘a</span> <span class='ocrx_word' id='word_1_23' title='bbox 1120 1065 1191 1118; x_wconf 81' lang='lat' dir='ltr'>Geta</span> 
     </span>
     <span class='ocr_line' id='line_1_5' title="bbox 607 1150 870 1205; baseline -0.011 0"><span class='ocrx_word' id='word_1_24' title='bbox 607 1150 674 1205; x_wconf 83' lang='lat' dir='ltr'>Heri</span> <span class='ocrx_word' id='word_1_25' title='bbox 686 1152 720 1203; x_wconf 81' lang='lat' dir='ltr'>ad</span> <span class='ocrx_word' id='word_1_26' title='bbox 732 1152 870 1205; x_wconf 77' lang='lat' dir='ltr'>mevenit:</span> 
     </span>
    </p>
   </div>
   <div class='ocr_carea' id='block_1_3' title="bbox 451 1250 1527 3261">
    <p class='ocr_par' dir='ltr' id='par_1_3' title="bbox 465 1250 611 1313">
     <span class='ocr_line' id='line_1_6' title="bbox 465 1250 611 1313; baseline 0.014 -3"><span class='ocrx_word' id='word_1_27' title='bbox 465 1260 498 1313; x_wconf 93' lang='lat' dir='ltr'>et</span> <span class='ocrx_word' id='word_1_28' title='bbox 512 1250 611 1313; x_wconf 83' lang='lat' dir='ltr'>infra:</span> 
     </span>
    </p>

    <p class='ocr_par' dir='ltr' id='par_1_4' title="bbox 461 1353 1527 1845">
     <span class='ocr_line' id='line_1_7' title="bbox 605 1353 1068 1426; baseline -0.006 -18"><span class='ocrx_word' id='word_1_29' title='bbox 605 1355 683 1421; x_wconf 85' lang='lat' dir='ltr'>Geta,</span> <span class='ocrx_word' id='word_1_30' title='bbox 695 1354 851 1425; x_wconf 80' lang='lat' dir='ltr'>provinciam</span> <span class='ocrx_word' id='word_1_31' title='bbox 862 1354 957 1426; x_wconf 75' lang='lat' dir='ltr'><strong>cepisti</strong></span> <span class='ocrx_word' id='word_1_32' title='bbox 968 1353 1068 1406; x_wconf 74' lang='lat' dir='ltr'>durem.</span> 
     </span>
     <span class='ocr_line' id='line_1_8' title="bbox 464 1455 1527 1543; baseline -0.008 -17"><span class='ocrx_word' id='word_1_33' title='bbox 464 1462 549 1537; x_wconf 83' lang='lat' dir='ltr'>Quid</span> <span class='ocrx_word' id='word_1_34' title='bbox 580 1462 607 1525; x_wconf 85' lang='lat' dir='ltr'>si</span> <span class='ocrx_word' id='word_1_35' title='bbox 631 1472 744 1543; x_wconf 86' lang='lat' dir='ltr'>vegeta</span> <span class='ocrx_word' id='word_1_36' title='bbox 764 1462 907 1524; x_wconf 79' lang='lat' dir='ltr'><strong>neutrale</strong></span> <span class='ocrx_word' id='word_1_37' title='bbox 930 1482 1048 1523; x_wconf 90' lang='lat' dir='ltr'>nomen</span> <span class='ocrx_word' id='word_1_38' title='bbox 1071 1470 1158 1523; x_wconf 84' lang='lat' dir='ltr'>esset</span> <span class='ocrx_word' id='word_1_39' title='bbox 1181 1458 1366 1523; x_wconf 84' lang='lat' dir='ltr'>accusativo</span> <span class='ocrx_word' id='word_1_40' title='bbox 1388 1455 1527 1541; x_wconf 72' lang='lat' dir='ltr'>plurali,</span> 
     </span>
     <span class='ocr_line' id='line_1_9' title="bbox 462 1560 1525 1643; baseline -0.007 -15"><span class='ocrx_word' id='word_1_41' title='bbox 462 1564 600 1628; x_wconf 82' lang='lat' dir='ltr'>heroicoe</span> <span class='ocrx_word' id='word_1_42' title='bbox 612 1560 854 1626; x_wconf 87' lang='lat' dir='ltr'>versificationis</span> <span class='ocrx_word' id='word_1_43' title='bbox 865 1561 976 1643; x_wconf 87' lang='lat' dir='ltr'>regula</span> <span class='ocrx_word' id='word_1_44' title='bbox 985 1560 1161 1636; x_wconf 81' lang='lat' dir='ltr'>vacillaret,</span> <span class='ocrx_word' id='word_1_45' title='bbox 1173 1560 1251 1642; x_wconf 92' lang='lat' dir='ltr'>quia</span> <span class='ocrx_word' id='word_1_46' title='bbox 1260 1579 1387 1641; x_wconf 81' lang='lat' dir='ltr'>semper</span> <span class='ocrx_word' id='word_1_47' title='bbox 1399 1569 1525 1621; x_wconf 72' lang='lat' dir='ltr'>neutra</span> 
     </span>
     <span class='ocr_line' id='line_1_10' title="bbox 461 1660 1523 1749; baseline -0.007 -20"><span class='ocrx_word' id='word_1_48' title='bbox 461 1666 495 1729; x_wconf 91' lang='lat' dir='ltr'>in</span> <span class='ocrx_word' id='word_1_49' title='bbox 515 1664 631 1749; x_wconf 91' lang='lat' dir='ltr'>plurali</span> <span class='ocrx_word' id='word_1_50' title='bbox 653 1661 830 1744; x_wconf 89' lang='lat' dir='ltr'>corripiunt</span> <span class='ocrx_word' id='word_1_51' title='bbox 851 1684 871 1724; x_wconf 86' lang='lat' dir='ltr'>a</span> <span class='ocrx_word' id='word_1_52' title='bbox 888 1662 922 1724; x_wconf 88' lang='lat' dir='ltr'>in</span> <span class='ocrx_word' id='word_1_53' title='bbox 939 1661 1146 1739; x_wconf 87' lang='lat' dir='ltr'>nominativo,</span> <span class='ocrx_word' id='word_1_54' title='bbox 1160 1660 1341 1725; x_wconf 83' lang='lat' dir='ltr'>accusativo</span> <span class='ocrx_word' id='word_1_55' title='bbox 1363 1670 1397 1722; x_wconf 91' lang='lat' dir='ltr'>et</span> <span class='ocrx_word' id='word_1_56' title='bbox 1417 1680 1523 1723; x_wconf 72' lang='lat' dir='ltr'>roca·</span> 
     </span>
     <span class='ocr_line' id='line_1_11' title="bbox 461 1768 606 1845; baseline -0.014 -15"><span class='ocrx_word' id='word_1_57' title='bbox 461 1768 537 1845; x_wconf 86' lang='lat' dir='ltr'>tiro,</span> <span class='ocrx_word' id='word_1_58' title='bbox 552 1776 606 1830; x_wconf 81' lang='lat' dir='ltr'>ut:</span> 
     </span>
    </p>

    <p class='ocr_par' dir='ltr' id='par_1_5' title="bbox 461 1870 922 2025">
     <span class='ocr_line' id='line_1_12' title="bbox 603 1870 922 1937; baseline -0.013 -13"><span class='ocrx_word' id='word_1_59' title='bbox 603 1872 687 1924; x_wconf 85' lang='lat' dir='ltr'>Arma</span> <span class='ocrx_word' id='word_1_60' title='bbox 698 1870 831 1937; x_wconf 82' lang='lat' dir='ltr'>virumque</span> <span class='ocrx_word' id='word_1_61' title='bbox 843 1886 922 1921; x_wconf 87' lang='lat' dir='ltr'>cauo:</span> 
     </span>
     <span class='ocr_line' id='line_1_13' title="bbox 461 1971 511 2025; baseline -0.02 -1"><span class='ocrx_word' id='word_1_62' title='bbox 461 1971 511 2025; x_wconf 80' lang='lat' dir='ltr'>et:</span> 
     </span>
    </p>

    <p class='ocr_par' dir='ltr' id='par_1_6' title="bbox 457 2054 1509 2652">
     <span class='ocr_line' id='line_1_14' title="bbox 599 2054 1359 2128; baseline -0.004 -17"><span class='ocrx_word' id='word_1_63' title='bbox 599 2058 683 2111; x_wconf 84' lang='lat' dir='ltr'>Arma</span> <span class='ocrx_word' id='word_1_64' title='bbox 694 2056 904 2127; x_wconf 68' lang='lat' dir='ltr'>Amyclaeumque</span> <span class='ocrx_word' id='word_1_65' title='bbox 916 2074 1008 2109; x_wconf 88' lang='lat' dir='ltr'>canem</span> <span class='ocrx_word' id='word_1_66' title='bbox 1020 2056 1193 2126; x_wconf 79' lang='lat' dir='ltr'>Cressamque</span> <span class='ocrx_word' id='word_1_67' title='bbox 1204 2054 1359 2128; x_wconf 77' lang='lat' dir='ltr'>pharetram.</span> 
     </span>
     <span class='ocr_line' id='line_1_15' title="bbox 459 2164 1509 2248; baseline -0.001 -19"><span class='ocrx_word' id='word_1_68' title='bbox 459 2166 547 2248; x_wconf 85' lang='lat' dir='ltr'>Ergo</span> <span class='ocrx_word' id='word_1_69' title='bbox 583 2184 650 2227; x_wconf 90' lang='lat' dir='ltr'>nou</span> <span class='ocrx_word' id='word_1_70' title='bbox 687 2179 737 2229; x_wconf 89' lang='lat' dir='ltr'>est</span> <span class='ocrx_word' id='word_1_71' title='bbox 773 2176 885 2245; x_wconf 86' lang='lat' dir='ltr'>vegeta</span> <span class='ocrx_word' id='word_1_72' title='bbox 923 2164 1124 2228; x_wconf 82' lang='lat' dir='ltr'>accusativus</span> <span class='ocrx_word' id='word_1_73' title='bbox 1159 2164 1302 2247; x_wconf 86' lang='lat' dir='ltr'>pluralis,</span> <span class='ocrx_word' id='word_1_74' title='bbox 1332 2164 1391 2228; x_wconf 88' lang='lat' dir='ltr'>sed</span> <span class='ocrx_word' id='word_1_75' title='bbox 1422 2165 1509 2228; x_wconf 79' lang='lat' dir='ltr'>Geta</span> 
     </span>
     <span class='ocr_line' id='line_1_16' title="bbox 459 2263 1507 2348; baseline -0.005 -17"><span class='ocrx_word' id='word_1_76' title='bbox 459 2266 615 2331; x_wconf 83' lang='lat' dir='ltr'><strong>ablativus</strong></span> <span class='ocrx_word' id='word_1_77' title='bbox 638 2265 818 2347; x_wconf 86' lang='lat' dir='ltr'>singularis,</span> <span class='ocrx_word' id='word_1_78' title='bbox 840 2265 897 2348; x_wconf 92' lang='lat' dir='ltr'>qui</span> <span class='ocrx_word' id='word_1_79' title='bbox 920 2285 1045 2347; x_wconf 78' lang='lat' dir='ltr'>semper</span> <span class='ocrx_word' id='word_1_80' title='bbox 1066 2264 1100 2326; x_wconf 93' lang='lat' dir='ltr'>in</span> <span class='ocrx_word' id='word_1_81' title='bbox 1122 2264 1226 2347; x_wconf 92' lang='lat' dir='ltr'>prima</span> <span class='ocrx_word' id='word_1_82' title='bbox 1247 2263 1462 2328; x_wconf 76' lang='lat' dir='ltr'>declinatione</span> <span class='ocrx_word' id='word_1_83' title='bbox 1485 2285 1507 2326; x_wconf 84' lang='lat' dir='ltr'>a</span> 
     </span>
     <span class='ocr_line' id='line_1_17' title="bbox 458 2366 1505 2454; baseline -0.004 -21"><span class='ocrx_word' id='word_1_84' title='bbox 458 2368 608 2454; x_wconf 86' lang='lat' dir='ltr'>producit</span> <span class='ocrx_word' id='word_1_85' title='bbox 629 2370 662 2432; x_wconf 91' lang='lat' dir='ltr'>in</span> <span class='ocrx_word' id='word_1_86' title='bbox 684 2367 834 2431; x_wconf 89' lang='lat' dir='ltr'>omnibus</span> <span class='ocrx_word' id='word_1_87' title='bbox 857 2366 1039 2447; x_wconf 60' lang='lat' dir='ltr'>generibus</span> <span class='ocrx_word' id='word_1_88' title='bbox 1065 2380 1101 2429; x_wconf 94' lang='lat' dir='ltr'>ut</span> <span class='ocrx_word' id='word_1_89' title='bbox 1122 2366 1281 2450; x_wconf 90' lang='lat' dir='ltr'>proretha,</span> <span class='ocrx_word' id='word_1_90' title='bbox 1303 2366 1505 2448; x_wconf 85' lang='lat' dir='ltr'>agonotheta,</span> 
     </span>
     <span class='ocr_line' id='line_1_18' title="bbox 457 2466 1502 2551; baseline -0.004 -17"><span class='ocrx_word' id='word_1_91' title='bbox 457 2470 585 2549; x_wconf 86' lang='lat' dir='ltr'>lanista,</span> <span class='ocrx_word' id='word_1_92' title='bbox 607 2468 807 2545; x_wconf 86' lang='lat' dir='ltr'>archinirata,</span> <span class='ocrx_word' id='word_1_93' title='bbox 829 2466 944 2551; x_wconf 88' lang='lat' dir='ltr'>pirata,</span> <span class='ocrx_word' id='word_1_94' title='bbox 966 2478 1102 2550; x_wconf 90' lang='lat' dir='ltr'>satrapa,</span> <span class='ocrx_word' id='word_1_95' title='bbox 1124 2468 1245 2545; x_wconf 85' lang='lat' dir='ltr'>rabula,</span> <span class='ocrx_word' id='word_1_96' title='bbox 1267 2467 1398 2545; x_wconf 89' lang='lat' dir='ltr'>athleta,</span> <span class='ocrx_word' id='word_1_97' title='bbox 1418 2467 1502 2551; x_wconf 85' lang='lat' dir='ltr'>psal·</span> 
     </span>
     <span class='ocr_line' id='line_1_19' title="bbox 457 2567 1093 2652; baseline -0.011 -15"><span class='ocrx_word' id='word_1_98' title='bbox 457 2572 562 2651; x_wconf 88' lang='lat' dir='ltr'>mista,</span> <span class='ocrx_word' id='word_1_99' title='bbox 577 2571 748 2647; x_wconf 82' lang='lat' dir='ltr'>exorcista,</span> <span class='ocrx_word' id='word_1_100' title='bbox 763 2568 922 2652; x_wconf 84' lang='lat' dir='ltr'>Baptista,</span> <span class='ocrx_word' id='word_1_101' title='bbox 936 2567 1093 2651; x_wconf 86' lang='lat' dir='ltr'>Agrippa.</span> 
     </span>
    </p>

    <p class='ocr_par' dir='ltr' id='par_1_7' title="bbox 451 2669 1504 3261">
     <span class='ocr_line' id='line_1_20' title="bbox 499 2669 1503 2753; baseline -0.002 -14"><span class='ocrx_word' id='word_1_102' title='bbox 499 2675 581 2739; x_wconf 85' lang='lat' dir='ltr'>Item</span> <span class='ocrx_word' id='word_1_103' title='bbox 613 2671 788 2749; x_wconf 84' lang='lat' dir='ltr'>loemiuiua,</span> <span class='ocrx_word' id='word_1_104' title='bbox 810 2670 888 2749; x_wconf 88' lang='lat' dir='ltr'>sica,</span> <span class='ocrx_word' id='word_1_105' title='bbox 917 2669 1033 2746; x_wconf 83' lang='lat' dir='ltr'>amice,</span> <span class='ocrx_word' id='word_1_106' title='bbox 1059 2670 1144 2753; x_wconf 88' lang='lat' dir='ltr'>pica,</span> <span class='ocrx_word' id='word_1_107' title='bbox 1172 2669 1263 2748; x_wconf 90' lang='lat' dir='ltr'>rima,</span> <span class='ocrx_word' id='word_1_108' title='bbox 1283 2670 1373 2750; x_wconf 90' lang='lat' dir='ltr'>lima,</span> <span class='ocrx_word' id='word_1_109' title='bbox 1394 2672 1503 2751; x_wconf 87' lang='lat' dir='ltr'>mima,</span> 
     </span>
     <span class='ocr_line' id='line_1_21' title="bbox 455 2770 1503 2858; baseline 0.001 -20"><span class='ocrx_word' id='word_1_110' title='bbox 455 2795 546 2858; x_wconf 90' lang='lat' dir='ltr'>ruga,</span> <span class='ocrx_word' id='word_1_111' title='bbox 580 2773 790 2850; x_wconf 85' lang='lat' dir='ltr'>bibliotheca,</span> <span class='ocrx_word' id='word_1_112' title='bbox 826 2771 977 2848; x_wconf 91' lang='lat' dir='ltr'>umbella,</span> <span class='ocrx_word' id='word_1_113' title='bbox 1017 2770 1138 2848; x_wconf 90' lang='lat' dir='ltr'>libella,</span> <span class='ocrx_word' id='word_1_114' title='bbox 1173 2774 1288 2851; x_wconf 84' lang='lat' dir='ltr'>serula,</span> <span class='ocrx_word' id='word_1_115' title='bbox 1324 2774 1503 2852; x_wconf 72' lang='lat' dir='ltr'>columella,</span> 
     </span>
     <span class='ocr_line' id='line_1_22' title="bbox 456 2871 1501 2960; baseline 0.001 -22"><span class='ocrx_word' id='word_1_116' title='bbox 456 2874 685 2960; x_wconf 85' lang='lat' dir='ltr'>tympanistria.</span> <span class='ocrx_word' id='word_1_117' title='bbox 729 2873 793 2938; x_wconf 89' lang='lat' dir='ltr'>Ut:</span> <span class='ocrx_word' id='word_1_118' title='bbox 826 2873 860 2936; x_wconf 90' lang='lat' dir='ltr'>in</span> <span class='ocrx_word' id='word_1_119' title='bbox 885 2871 994 2935; x_wconf 89' lang='lat' dir='ltr'>medio</span> <span class='ocrx_word' id='word_1_120' title='bbox 1018 2872 1264 2956; x_wconf 82' lang='lat' dir='ltr'>juvencularum</span> <span class='ocrx_word' id='word_1_121' title='bbox 1286 2875 1501 2958; x_wconf 87' lang='lat' dir='ltr'>tympanistri-</span> 
     </span>
     <span class='ocr_line' id='line_1_23' title="bbox 454 2972 1504 3055; baseline 0.001 -14"><span class='ocrx_word' id='word_1_122' title='bbox 454 2999 564 3041; x_wconf 89' lang='lat' dir='ltr'>arum:</span> <span class='ocrx_word' id='word_1_123' title='bbox 598 2976 790 3052; x_wconf 84' lang='lat' dir='ltr'>communie,</span> <span class='ocrx_word' id='word_1_124' title='bbox 817 2987 854 3039; x_wconf 92' lang='lat' dir='ltr'>ut</span> <span class='ocrx_word' id='word_1_125' title='bbox 890 2972 1024 3053; x_wconf 86' lang='lat' dir='ltr'>advena,</span> <span class='ocrx_word' id='word_1_126' title='bbox 1052 2995 1159 3054; x_wconf 83' lang='lat' dir='ltr'>verna,</span> <span class='ocrx_word' id='word_1_127' title='bbox 1188 2975 1274 3038; x_wconf 89' lang='lat' dir='ltr'>unde</span> <span class='ocrx_word' id='word_1_128' title='bbox 1303 2978 1504 3055; x_wconf 84' lang='lat' dir='ltr'>vernaculus,</span> 
     </span>
     <span class='ocr_line' id='line_1_24' title="bbox 454 3075 1502 3163; baseline 0.002 -23"><span class='ocrx_word' id='word_1_129' title='bbox 454 3077 540 3163; x_wconf 92' lang='lat' dir='ltr'>quod</span> <span class='ocrx_word' id='word_1_130' title='bbox 570 3077 683 3141; x_wconf 90' lang='lat' dir='ltr'>melius</span> <span class='ocrx_word' id='word_1_131' title='bbox 706 3099 764 3161; x_wconf 89' lang='lat' dir='ltr'>per</span> <span class='ocrx_word' id='word_1_132' title='bbox 793 3078 814 3140; x_wconf 95' lang='lat' dir='ltr'>b</span> <span class='ocrx_word' id='word_1_133' title='bbox 837 3097 934 3161; x_wconf 89' lang='lat' dir='ltr'>quam</span> <span class='ocrx_word' id='word_1_134' title='bbox 956 3097 1013 3160; x_wconf 89' lang='lat' dir='ltr'>per</span> <span class='ocrx_word' id='word_1_135' title='bbox 1035 3075 1217 3158; x_wconf 82' lang='lat' dir='ltr'>digammon</span> <span class='ocrx_word' id='word_1_136' title='bbox 1239 3076 1339 3140; x_wconf 78' lang='lat' dir='ltr'>scribi</span> <span class='ocrx_word' id='word_1_137' title='bbox 1361 3089 1502 3142; x_wconf 85' lang='lat' dir='ltr'>vetemm</span> 
     </span>
     <span class='ocr_line' id='line_1_25' title="bbox 451 3175 1503 3261; baseline 0 -18"><span class='ocrx_word' id='word_1_138' title='bbox 451 3177 623 3243; x_wconf 88' lang='lat' dir='ltr'>auotoritas</span> <span class='ocrx_word' id='word_1_139' title='bbox 633 3177 922 3261; x_wconf 80' lang='lat' dir='ltr'>orthographorum</span> <span class='ocrx_word' id='word_1_140' title='bbox 934 3185 1086 3253; x_wconf 80' lang='lat' dir='ltr'>testatur3</span> <span class='ocrx_word' id='word_1_141' title='bbox 1107 3177 1187 3260; x_wconf 89' lang='lat' dir='ltr'>quia</span> <span class='ocrx_word' id='word_1_142' title='bbox 1197 3199 1261 3257; x_wconf 86' lang='lat' dir='ltr'>ver,</span> <span class='ocrx_word' id='word_1_143' title='bbox 1272 3175 1359 3242; x_wconf 90' lang='lat' dir='ltr'>unde</span> <span class='ocrx_word' id='word_1_144' title='bbox 1371 3201 1503 3243; x_wconf 77' lang='lat' dir='ltr'>vernum</span> 
     </span>
    </p>
   </div>
   <div class='ocr_carea' id='block_1_4' title="bbox 451 3277 1504 3460">
    <p class='ocr_par' dir='ltr' id='par_1_8' title="bbox 451 3277 1504 3460">
     <span class='ocr_line' id='line_1_26' title="bbox 453 3277 1504 3363; baseline 0.002 -20"><span class='ocrx_word' id='word_1_145' title='bbox 453 3277 658 3343; x_wconf 84' lang='lat' dir='ltr'>derivativum</span> <span class='ocrx_word' id='word_1_146' title='bbox 680 3277 818 3356; x_wconf 88' lang='lat' dir='ltr'>ducitur,</span> <span class='ocrx_word' id='word_1_147' title='bbox 835 3300 894 3363; x_wconf 93' lang='lat' dir='ltr'>per</span> <span class='ocrx_word' id='word_1_148' title='bbox 916 3300 934 3338; x_wconf 85' lang='lat' dir='ltr'>v</span> <span class='ocrx_word' id='word_1_149' title='bbox 958 3287 1094 3343; x_wconf 89' lang='lat' dir='ltr'>constat</span> <span class='ocrx_word' id='word_1_150' title='bbox 1138 3280 1257 3343; x_wconf 89' lang='lat' dir='ltr'>Verum</span> <span class='ocrx_word' id='word_1_151' title='bbox 1279 3279 1351 3344; x_wconf 83' lang='lat' dir='ltr'>haec</span> <span class='ocrx_word' id='word_1_152' title='bbox 1371 3281 1504 3345; x_wconf 92' lang='lat' dir='ltr'>nomina</span> 
     </span>
     <span class='ocr_line' id='line_1_27' title="bbox 451 3375 1502 3460; baseline 0.002 -20"><span class='ocrx_word' id='word_1_153' title='bbox 451 3397 518 3440; x_wconf 89' lang='lat' dir='ltr'>non</span> <span class='ocrx_word' id='word_1_154' title='bbox 540 3375 582 3440; x_wconf 85' lang='lat' dir='ltr'>ad</span> <span class='ocrx_word' id='word_1_155' title='bbox 603 3375 755 3439; x_wconf 90' lang='lat' dir='ltr'>Paeonem</span> <span class='ocrx_word' id='word_1_156' title='bbox 777 3376 914 3460; x_wconf 91' lang='lat' dir='ltr'>primum</span> <span class='ocrx_word' id='word_1_157' title='bbox 936 3375 1132 3460; x_wconf 90' lang='lat' dir='ltr'>pertinentia</span> <span class='ocrx_word' id='word_1_158' title='bbox 1153 3376 1354 3459; x_wconf 87' lang='lat' dir='ltr'>protulimus,</span> <span class='ocrx_word' id='word_1_159' title='bbox 1376 3376 1435 3440; x_wconf 86' lang='lat' dir='ltr'>sed</span> <span class='ocrx_word' id='word_1_160' title='bbox 1460 3377 1502 3442; x_wconf 90' lang='lat' dir='ltr'>ad</span> 
     </span>
    </p>
   </div>
   <div class='ocr_carea' id='block_1_5' title="bbox 447 3476 1502 4375">
    <p class='ocr_par' dir='ltr' id='par_1_9' title="bbox 447 3476 1502 4375">
     <span class='ocr_line' id='line_1_28' title="bbox 452 3476 1502 3561; baseline 0.002 -18"><span class='ocrx_word' id='word_1_161' title='bbox 452 3477 684 3543; x_wconf 87' lang='lat' dir='ltr'>ostendendam</span> <span class='ocrx_word' id='word_1_162' title='bbox 704 3477 815 3561; x_wconf 73' lang='lat' dir='ltr'>primae</span> <span class='ocrx_word' id='word_1_163' title='bbox 838 3476 1065 3541; x_wconf 76' lang='lat' dir='ltr'>dechnationis</span> <span class='ocrx_word' id='word_1_164' title='bbox 1082 3478 1117 3542; x_wconf 94' lang='lat' dir='ltr'>in</span> <span class='ocrx_word' id='word_1_165' title='bbox 1140 3479 1279 3543; x_wconf 85' lang='lat' dir='ltr'>ablativo</span> <span class='ocrx_word' id='word_1_166' title='bbox 1301 3477 1502 3561; x_wconf 86' lang='lat' dir='ltr'>finalitatem,</span> 
     </span>
     <span class='ocr_line' id='line_1_29' title="bbox 451 3577 1500 3664; baseline 0 -18"><span class='ocrx_word' id='word_1_167' title='bbox 451 3581 506 3646; x_wconf 89' lang='lat' dir='ltr'>uhi</span> <span class='ocrx_word' id='word_1_168' title='bbox 539 3600 665 3662; x_wconf 89' lang='lat' dir='ltr'>semper</span> <span class='ocrx_word' id='word_1_169' title='bbox 693 3602 713 3642; x_wconf 91' lang='lat' dir='ltr'>a</span> <span class='ocrx_word' id='word_1_170' title='bbox 742 3577 937 3664; x_wconf 85' lang='lat' dir='ltr'>producitur,</span> <span class='ocrx_word' id='word_1_171' title='bbox 969 3590 1004 3644; x_wconf 90' lang='lat' dir='ltr'>ut</span> <span class='ocrx_word' id='word_1_172' title='bbox 1038 3580 1132 3644; x_wconf 90' lang='lat' dir='ltr'>Geta.</span> <span class='ocrx_word' id='word_1_173' title='bbox 1191 3579 1365 3644; x_wconf 88' lang='lat' dir='ltr'>Scauditur</span> <span class='ocrx_word' id='word_1_174' title='bbox 1392 3593 1500 3646; x_wconf 84' lang='lat' dir='ltr'>autem</span> 
     </span>
     <span class='ocr_line' id='line_1_30' title="bbox 450 3681 1495 3767; baseline -0.001 -23"><span class='ocrx_word' id='word_1_175' title='bbox 450 3684 510 3746; x_wconf 86' lang='lat' dir='ltr'>ita:</span> <span class='ocrx_word' id='word_1_176' title='bbox 543 3681 654 3746; x_wconf 91' lang='lat' dir='ltr'>ridicu.</span> <span class='ocrx_word' id='word_1_177' title='bbox 676 3681 710 3744; x_wconf 96' lang='lat' dir='ltr'>lo</span> <span class='ocrx_word' id='word_1_178' title='bbox 734 3703 773 3745; x_wconf 84' lang='lat' dir='ltr'>re</span> <span class='ocrx_word' id='word_1_179' title='bbox 797 3682 859 3745; x_wconf 90' lang='lat' dir='ltr'>Ge.</span> <span class='ocrx_word' id='word_1_180' title='bbox 881 3693 914 3746; x_wconf 86' lang='lat' dir='ltr'>ta</span> <span class='ocrx_word' id='word_1_181' title='bbox 942 3703 1010 3760; x_wconf 90' lang='lat' dir='ltr'>seu,</span> <span class='ocrx_word' id='word_1_182' title='bbox 1032 3683 1185 3767; x_wconf 90' lang='lat' dir='ltr'>qualibet,</span> <span class='ocrx_word' id='word_1_183' title='bbox 1215 3691 1280 3747; x_wconf 82' lang='lat' dir='ltr'>erte</span> <span class='ocrx_word' id='word_1_184' title='bbox 1311 3705 1359 3747; x_wconf 90' lang='lat' dir='ltr'>ca.</span> <span class='ocrx_word' id='word_1_185' title='bbox 1389 3683 1495 3748; x_wconf 85' lang='lat' dir='ltr'>nendi.</span> 
     </span>
     <span class='ocr_line' id='line_1_31' title="bbox 450 3782 1496 3871; baseline 0.004 -25"><span class='ocrx_word' id='word_1_186' title='bbox 450 3782 603 3867; x_wconf 85' lang='lat' dir='ltr'>Alioquin</span> <span class='ocrx_word' id='word_1_187' title='bbox 626 3791 660 3845; x_wconf 84' lang='lat' dir='ltr'>ta</span> <span class='ocrx_word' id='word_1_188' title='bbox 680 3803 738 3846; x_wconf 91' lang='lat' dir='ltr'>seu</span> <span class='ocrx_word' id='word_1_189' title='bbox 760 3803 826 3846; x_wconf 91' lang='lat' dir='ltr'>non</span> <span class='ocrx_word' id='word_1_190' title='bbox 849 3794 934 3847; x_wconf 88' lang='lat' dir='ltr'>esset</span> <span class='ocrx_word' id='word_1_191' title='bbox 962 3783 1136 3867; x_wconf 76' lang='lat' dir='ltr'>spondaeus</span> <span class='ocrx_word' id='word_1_192' title='bbox 1164 3782 1223 3848; x_wconf 87' lang='lat' dir='ltr'>sed</span> <span class='ocrx_word' id='word_1_193' title='bbox 1250 3785 1387 3864; x_wconf 89' lang='lat' dir='ltr'>iambus,</span> <span class='ocrx_word' id='word_1_194' title='bbox 1409 3785 1496 3871; x_wconf 87' lang='lat' dir='ltr'>quod</span> 
     </span>
     <span class='ocr_line' id='line_1_32' title="bbox 450 3883 1496 3970; baseline 0.007 -25"><span class='ocrx_word' id='word_1_195' title='bbox 450 3883 572 3946; x_wconf 89' lang='lat' dir='ltr'>heroici</span> <span class='ocrx_word' id='word_1_196' title='bbox 600 3883 778 3946; x_wconf 87' lang='lat' dir='ltr'>hexametri</span> <span class='ocrx_word' id='word_1_197' title='bbox 806 3885 917 3966; x_wconf 88' lang='lat' dir='ltr'>regula</span> <span class='ocrx_word' id='word_1_198' title='bbox 948 3886 1069 3949; x_wconf 90' lang='lat' dir='ltr'>abnuit</span> <span class='ocrx_word' id='word_1_199' title='bbox 1119 3888 1202 3951; x_wconf 90' lang='lat' dir='ltr'>Item</span> <span class='ocrx_word' id='word_1_200' title='bbox 1231 3898 1345 3951; x_wconf 88' lang='lat' dir='ltr'>neutra</span> <span class='ocrx_word' id='word_1_201' title='bbox 1372 3889 1496 3970; x_wconf 80' lang='lat' dir='ltr'>paeonis</span> 
     </span>
     <span class='ocr_line' id='line_1_33' title="bbox 449 3984 1496 4072; baseline 0.006 -25"><span class='ocrx_word' id='word_1_202' title='bbox 449 3984 553 4070; x_wconf 91' lang='lat' dir='ltr'>primi,</span> <span class='ocrx_word' id='word_1_203' title='bbox 582 3995 618 4048; x_wconf 91' lang='lat' dir='ltr'>ut</span> <span class='ocrx_word' id='word_1_204' title='bbox 653 3985 837 4062; x_wconf 89' lang='lat' dir='ltr'>concilium,</span> <span class='ocrx_word' id='word_1_205' title='bbox 866 3987 1042 4069; x_wconf 84' lang='lat' dir='ltr'>augurium,</span> <span class='ocrx_word' id='word_1_206' title='bbox 1079 3988 1284 4072; x_wconf 88' lang='lat' dir='ltr'>supplicium,</span> <span class='ocrx_word' id='word_1_207' title='bbox 1314 3987 1496 4068; x_wconf 84' lang='lat' dir='ltr'>discidium,</span> 
     </span>
     <span class='ocr_line' id='line_1_34' title="bbox 447 4085 1494 4175; baseline 0.002 -24"><span class='ocrx_word' id='word_1_208' title='bbox 447 4087 652 4172; x_wconf 87' lang='lat' dir='ltr'>principium,</span> <span class='ocrx_word' id='word_1_209' title='bbox 667 4085 839 4164; x_wconf 77' lang='lat' dir='ltr'>semidam,</span> <span class='ocrx_word' id='word_1_210' title='bbox 854 4088 1059 4167; x_wconf 89' lang='lat' dir='ltr'>vestibulum,</span> <span class='ocrx_word' id='word_1_211' title='bbox 1078 4089 1287 4167; x_wconf 91' lang='lat' dir='ltr'>thuribulum,</span> <span class='ocrx_word' id='word_1_212' title='bbox 1301 4089 1494 4175; x_wconf 86' lang='lat' dir='ltr'>conjugium,</span> 
     </span>
     <span class='ocr_line' id='line_1_35' title="bbox 448 4187 1493 4274; baseline 0.001 -21"><span class='ocrx_word' id='word_1_213' title='bbox 448 4189 617 4266; x_wconf 85' lang='lat' dir='ltr'>auxilium,</span> <span class='ocrx_word' id='word_1_214' title='bbox 637 4187 799 4271; x_wconf 90' lang='lat' dir='ltr'>eloquium</span> <span class='ocrx_word' id='word_1_215' title='bbox 820 4188 1029 4273; x_wconf 90' lang='lat' dir='ltr'>colloquium,</span> <span class='ocrx_word' id='word_1_216' title='bbox 1050 4190 1231 4268; x_wconf 88' lang='lat' dir='ltr'>eonsilium,</span> <span class='ocrx_word' id='word_1_217' title='bbox 1249 4190 1445 4274; x_wconf 89' lang='lat' dir='ltr'>peniculum,</span> <span class='ocrx_word' id='word_1_218' title='bbox 1459 4191 1493 4254; x_wconf 90' lang='lat' dir='ltr'>id</span> 
     </span>
     <span class='ocr_line' id='line_1_36' title="bbox 447 4286 1494 4375; baseline 0.004 -23"><span class='ocrx_word' id='word_1_219' title='bbox 447 4300 495 4352; x_wconf 89' lang='lat' dir='ltr'>est</span> <span class='ocrx_word' id='word_1_220' title='bbox 524 4287 678 4373; x_wconf 89' lang='lat' dir='ltr'>spongia;</span> <span class='ocrx_word' id='word_1_221' title='bbox 715 4286 802 4351; x_wconf 90' lang='lat' dir='ltr'>unde</span> <span class='ocrx_word' id='word_1_222' title='bbox 839 4298 936 4370; x_wconf 86' lang='lat' dir='ltr'>poeta</span> <span class='ocrx_word' id='word_1_223' title='bbox 965 4309 1040 4352; x_wconf 90' lang='lat' dir='ltr'>cum</span> <span class='ocrx_word' id='word_1_224' title='bbox 1069 4289 1110 4353; x_wconf 90' lang='lat' dir='ltr'>de</span> <span class='ocrx_word' id='word_1_225' title='bbox 1147 4291 1294 4375; x_wconf 92' lang='lat' dir='ltr'>patibulo</span> <span class='ocrx_word' id='word_1_226' title='bbox 1317 4291 1494 4356; x_wconf 80' lang='lat' dir='ltr'>Salvatoris</span> 
     </span>
    </p>
   </div>
   <div class='ocr_carea' id='block_1_6' title="bbox 445 4390 1195 4561">
    <p class='ocr_par' dir='ltr' id='par_1_10' title="bbox 445 4390 1195 4561">
     <span class='ocr_line' id='line_1_37' title="bbox 445 4390 845 4473; baseline 0.003 -22"><span class='ocrx_word' id='word_1_227' title='bbox 445 4401 591 4473; x_wconf 87' lang='lat' dir='ltr'>poemate</span> <span class='ocrx_word' id='word_1_228' title='bbox 607 4402 770 4472; x_wconf 90' lang='lat' dir='ltr'>pangeret,</span> <span class='ocrx_word' id='word_1_229' title='bbox 785 4390 845 4454; x_wconf 91' lang='lat' dir='ltr'>ait:</span> 
     </span>
     <span class='ocr_line' id='line_1_38' title="bbox 585 4491 1195 4561; baseline 0.01 -21"><span class='ocrx_word' id='word_1_230' title='bbox 585 4492 707 4542; x_wconf 84' lang='lat' dir='ltr'>Peniculo</span> <span class='ocrx_word' id='word_1_231' title='bbox 720 4491 831 4544; x_wconf 83' lang='lat' dir='ltr'>infusum</span> <span class='ocrx_word' id='word_1_232' title='bbox 843 4493 943 4546; x_wconf 85' lang='lat' dir='ltr'>calamo</span> <span class='ocrx_word' id='word_1_233' title='bbox 954 4496 1070 4561; x_wconf 80' lang='lat' dir='ltr'>porrexit</span> <span class='ocrx_word' id='word_1_234' title='bbox 1081 4503 1195 4548; x_wconf 83' lang='lat' dir='ltr'>acetum:</span> 
     </span>
    </p>
   </div>
   <div class='ocr_carea' id='block_1_7' title="bbox 0 0 1884 5425">
    <p class='ocr_par' dir='ltr' id='par_1_11' title="bbox 0 0 1884 5425">
     <span class='ocr_line' id='line_1_39' title="bbox 0 0 1884 5425; baseline 0 9"><span class='ocrx_word' id='word_1_235' title='bbox 0 0 1884 5425; x_wconf 95' lang='lat' dir='ltr'> </span> 
     </span>
    </p>
   </div>
  </div>
 </body>
</html>
