3759 5425
641 723 683 768 ua
699 722 863 770 ssunrsus
877 725 1115 771 vracrrursrrs.
1367 713 1406 774 tu

351 870 462 936 dirirra
476 873 682 958 indulgentia
695 877 872 942 concordat
891 879 1033 943 humana
1047 878 1214 962 diligentia
1227 904 1236 957 3
1268 892 1300 946 et
1320 883 1354 946 in
1372 885 1406 947 id

350 975 437 1059 quod
462 976 554 1040 fideli
582 999 679 1062 prece
707 981 862 1046 instanter
890 983 1068 1066 poscimus,
1094 985 1245 1065 congruis
1273 1007 1405 1070 quoque

349 1099 485 1160 operum
508 1080 681 1146 effectibus
708 1103 947 1147 concurramus.
993 1084 1159 1169 Deinceps
1186 1107 1301 1150 avero
1328 1108 1405 1169 ago·

350 1179 485 1270 nothata
496 1201 625 1244 cursum
641 1184 827 1248 certaminis
836 1185 1077 1268 contemplante
1091 1185 1228 1251 fidenter
1241 1189 1405 1273 patientia

348 1281 492 1363 palmam
521 1286 739 1367 praestolante,
768 1309 865 1371 quam
895 1288 1009 1370 procul
1039 1287 1140 1351 dubio
1168 1289 1262 1353 finito
1290 1293 1405 1373 agonis

348 1390 494 1468 tempore
508 1396 588 1449 trruc
602 1388 768 1472 percipere
783 1389 965 1465 merebitur,
979 1389 1035 1471 qui
1049 1409 1136 1452 nunc
1151 1411 1211 1473 pro
1225 1392 1405 1473 virginitate

348 1489 507 1552 amanda
541 1511 745 1576 nequaquam
781 1495 960 1556 lassescere
995 1491 1166 1571 vibebitur,
1194 1505 1231 1556 ut
1267 1493 1404 1559 devictis

348 1591 538 1652 remulomm
567 1591 715 1656 hostibus
741 1592 869 1656 dulcem
893 1590 1068 1654 melodiam
1096 1591 1260 1674 hymnista
1285 1593 1400 1657 modu·

347 1692 471 1754 laturus
479 1694 658 1775 proclamet
667 1705 699 1758 et
708 1695 903 1778 Apostolicae
907 1692 1109 1778 jubilationis
1120 1694 1262 1777 tripudio
1274 1717 1403 1760 carmen

347 1792 541 1876 triumphale
578 1795 833 1876 gratulabundus
870 1795 1037 1859 decantet:
1076 1794 1206 1856 Bonum
1236 1805 1403 1860 certamen

346 1896 482 1972 certavi,
504 1916 636 1959 cursam
657 1898 885 1974 consummari,
898 1896 1007 1977 fidem
1025 1897 1158 1958 savari.
1205 1898 1257 1959 De
1276 1907 1403 1977 cetero,

348 1997 493 2076 reposita
510 2005 557 2059 est
577 2018 694 2060 corona
708 1998 868 2080 justicia,
883 2016 982 2080 quom
1004 1995 1119 2059 reddet
1137 1998 1222 2058 miti
1242 1998 1404 2060 Dominus

346 2096 383 2155 ia
397 2096 459 2158 tua
474 2097 775 2180 dr'rrjustuajudeu.

390 2195 487 2259 XIX.
525 2199 624 2260 Porro
662 2199 848 2282 tripertitam
887 2198 1018 2261 humani
1055 2197 1182 2279 generis
1218 2195 1402 2260 distantiam

346 2299 538 2364 orthodoxa
553 2301 631 2365 fidei
647 2303 809 2366 cultricem
832 2301 992 2365 catholica
1013 2299 1129 2383 recipit
1143 2300 1302 2378 Ecclesia,
1318 2301 1403 2364 sicut

347 2400 379 2462 in
401 2401 544 2485 quodam
559 2405 718 2467 volumine
739 2405 886 2484 angelica
906 2405 1061 2466 relatione
1079 2403 1222 2477 refertur,
1238 2403 1402 2486 quomodo

348 2503 526 2585 virginitas
542 2506 682 2584 castitas,
698 2507 853 2590 jugalitas
871 2507 1037 2591 tripertitis
1058 2505 1209 2588 gradibus
1232 2507 1400 2590 separatim

348 2603 508 2683 differant,
524 2627 597 2689 qua
620 2607 704 2670 sicut
726 2609 844 2671 trifaria
867 2607 1005 2690 disparis
1024 2607 1097 2668 ritae
1118 2606 1273 2688 qualitate
1290 2606 1402 2685 singil-

346 2701 435 2765 latim
474 2714 733 2787 sequcstrantur:
769 2707 815 2770 ita
844 2705 992 2770 discretis
1020 2705 1202 2768 meritorum
1232 2704 1401 2770 ordinibus

348 2803 516 2886 tripliciter
544 2804 746 2884 dirimuntur,
772 2808 896 2889 Angelo
921 2806 985 2871 hoc
1010 2803 1109 2867 modo
1134 2804 1312 2868 alternatim
1338 2804 1403 2871 dis-

348 2902 533 2985 tinguente:
573 2906 620 2969 Ut
649 2906 691 2970 sit
718 2908 883 2990 virginitas
912 2928 1034 2984 aarum,
1065 2906 1196 2970 castitas
1225 2918 1401 2989 argentum,

341 3001 497 3087 jugalitas
526 3018 743 3071 aramentum.
789 3010 837 3072 Ut
864 3008 906 3071 sit
927 3008 1093 3089 virginitas
1118 3005 1248 3086 divitia,
1271 3008 1401 3073 castitas

347 3106 565 3186 mediocritas,
588 3108 741 3193 jugalitas
764 3122 946 3192 paupertas.
992 3110 1038 3172 Ut
1063 3108 1106 3171 sit
1131 3109 1298 3190 virginitas
1322 3132 1401 3193 pax,

347 3208 478 3271 castitas
498 3209 687 3295 redemptio,
699 3212 854 3296 jugalitas
876 3212 1056 3296 captivitas.
1102 3212 1149 3274 Ut
1174 3212 1216 3274 sit
1238 3212 1401 3293 virginitas

346 3310 405 3386 sol,
420 3310 554 3374 castitas
567 3312 656 3389 luna,
665 3312 819 3396 jugalitas
834 3313 983 3375 tonebrae.
1028 3313 1074 3375 Ut
1088 3312 1130 3375 sit
1140 3313 1305 3395 virginitas
1320 3313 1400 3391 dies,

346 3412 477 3475 castitas
503 3434 628 3487 aurora,
650 3413 806 3497 jugalitas
830 3434 909 3477 nox.
956 3414 1003 3476 Ut
1027 3413 1069 3477 sit
1093 3414 1257 3495 virginitas
1277 3413 1400 3495 regina,

347 3514 478 3577 cauas
493 3513 648 3593 Domina,
656 3514 811 3598 jugalitas
823 3514 950 3579 ancilla.
996 3516 1044 3578 Ut
1058 3515 1100 3577 sit
1109 3515 1274 3595 virginitas
1285 3514 1400 3597 patria,

347 3615 479 3679 castilas
494 3625 616 3698 portus,
627 3615 781 3701 jugalitas
796 3617 940 3699 pelagus.
986 3617 1034 3679 Ut
1048 3616 1089 3678 sit
1103 3615 1270 3694 virginitas
1291 3614 1400 3691 bomo,

346 3718 478 3781 castium
507 3717 690 3796 semivivus,
714 3717 870 3802 jugalitas
900 3736 1027 3799 corpus.
1088 3718 1135 3779 Ut
1164 3714 1206 3777 sit
1234 3714 1401 3794 virginitas

347 3837 497 3902 purpura,
528 3818 659 3883 castitas
688 3818 839 3898 rediviva,
863 3816 1020 3901 jugalitas
1048 3819 1134 3880 lana.
1179 3815 1298 3878 Omnia
1327 3815 1398 3882 hac
1483 3823 1489 3833 ⁴

345 3940 411 3983 non
427 3930 505 3983 sunt
521 3932 614 3985 extra
633 3921 787 4003 palatium
803 3920 897 4002 regia,
913 3918 971 3982 sed
993 3919 1085 3982 aliter
1100 3917 1191 3981 sedet
1210 3918 1245 3980 in
1266 3938 1400 3983 carruca

345 4022 543 4103 praefecturae
571 4020 721 4102 dignitas,
745 4021 837 4084 aliter
864 4020 1042 4083 mulionum
1073 4017 1188 4094 vilitas,
1216 4020 1317 4096 aliter,
1340 4020 1397 4103 qui

344 4121 485 4205 pedibus
516 4123 663 4187 continet
690 4123 804 4197 mulas,
834 4132 867 4187 et
895 4134 1002 4185 tamen
1032 4121 1093 4183 sub
1119 4140 1185 4181 uno
1208 4120 1398 4203 imperatore

343 4224 481 4289 militare
517 4234 705 4300 noscuntur,
735 4232 796 4288 etc.
857 4221 960 4306 Cujus
990 4220 1179 4284 differentia
1208 4232 1398 4303 argumento

343 4328 464 4413 conjici
485 4338 519 4392 et
538 4326 650 4408 colligi
668 4326 771 4405 datur,
785 4326 871 4411 quod
895 4324 1061 4406 virginitas
1080 4324 1133 4400 sit,
1155 4344 1227 4407 quae
1247 4325 1288 4387 ab
1309 4324 1399 4387 omni

344 4432 501 4518 spurcitia
537 4431 660 4496 carnali
697 4430 820 4493 illibata
857 4440 1034 4512 spontaneo
1072 4425 1244 4489 coelibatus
1279 4427 1399 4489 affectu

342 4538 467 4622 pudica
481 4546 674 4622 perseverat.
720 4533 860 4599 Castitas
875 4553 960 4610 vero,
977 4552 1049 4614 quse
1073 4530 1176 4614 pactis
1194 4530 1398 4611 sponsalibus

844 4644 899 4699 ot
