3759 5425
456 676 518 734 32⁴
737 688 891 735 arrarum
905 688 949 733 sn
966 687 1140 747 actamnis,
1155 686 1227 731 arc.

454 841 517 907 ait:
541 840 646 928 quue
659 843 694 907 in
709 855 838 907 centum
854 841 969 924 viginti
988 842 1089 905 millia
1108 860 1261 925 passuum
1281 836 1434 915 diffundi,
1447 837 1502 922 qui

454 944 553 1010 fidem
566 945 762 1010 adrenamm
770 944 954 1007 ratiocinati
965 956 1051 1021 sunt,
1062 943 1308 1007 estimaverunt.
1352 940 1503 1003 Facultas

455 1048 640 1126 difficultas,
652 1062 689 1112 ut
709 1047 796 1111 idem
818 1047 961 1122 Solinus,
983 1048 1156 1131 multisque
1178 1043 1420 1109 difficultatibus
1435 1043 1504 1106 fati·

454 1161 548 1235 gatus
572 1150 742 1234 Rhiphoeis
762 1170 797 1213 se
822 1149 911 1235 jugis
931 1148 1082 1213 adnectit.
1127 1146 1247 1211 Facilis
1269 1143 1413 1209 difficilis
1438 1159 1501 1207 tarn

453 1253 679 1339 prepositione
700 1262 849 1336 corrupta
869 1272 967 1335 quam
987 1251 1133 1315 nomine:
1165 1248 1376 1333 sequentibus
1397 1261 1502 1311 autem

453 1376 472 1421 c
497 1376 521 1439 p
547 1366 561 1417 t
586 1353 638 1417 dis
659 1355 845 1439 praepositio
868 1355 992 1436 integra
1017 1364 1136 1431 manet,
1160 1362 1197 1415 ut
1225 1372 1323 1415 cerno
1353 1350 1502 1413 discerno

453 1457 713 1534 discerniculum,
724 1478 821 1541 crepo
843 1456 1001 1543 discrepo,
1020 1478 1112 1522 curro
1135 1456 1289 1529 discurro,
1311 1454 1417 1519 calcio
1439 1452 1502 1515 dis·

453 1560 566 1639 calcio,
589 1558 688 1624 credo
710 1558 869 1636 discredo,
889 1561 987 1641 cingo
1010 1558 1175 1641 discingo:
1204 1558 1320 1640 placeo
1343 1554 1503 1639 displiceo

453 1660 576 1744 placuit
597 1659 774 1743 displicuit,
794 1681 815 1724 a
835 1671 986 1743 corrupta
1006 1659 1041 1721 in
1063 1659 1074 1721 i
1096 1669 1235 1722 munta:
1258 1667 1338 1743 puto
1361 1655 1504 1739 disputo,
1638 1698 1639 1707 η

452 1761 553 1847 perdo
582 1760 748 1846 disperdo,
776 1782 864 1845 pono
894 1760 1044 1847 dispono,
1073 1760 1171 1825 tendo
1206 1758 1368 1837 distendo,
1397 1759 1502 1823 tribuo

453 1866 622 1945 distribuo,
642 1866 733 1930 traho
759 1866 913 1946 distraho,
935 1868 1024 1951 tingo
1053 1865 1204 1948 distingo,
1228 1877 1325 1950 pecto
1352 1863 1502 1947 dispecto

454 1966 500 2043 (id
514 1980 564 2031 est
578 1967 720 2052 pectino)
736 1968 845 2053 pendo
859 1968 1031 2054 dispendo.

495 2071 578 2134 Sunt
591 2071 664 2134 aliae
682 2073 926 2155 praepositiones
949 2094 1020 2157 quae
1043 2071 1188 2137 similiter
1209 2072 1243 2135 in
1266 2070 1501 2155 compositione

452 2172 623 2255 figurarum
645 2185 853 2258 corrumpunt
874 2174 1020 2238 adnexas
1042 2174 1221 2237 orationum
1242 2184 1361 2257 partes,
1376 2184 1414 2236 ut
1435 2192 1501 2256 per,
1632 2194 1639 2254 ᾗ

451 2298 529 2361 prae,
543 2298 613 2361 pro,
635 2276 688 2354 de,
709 2298 754 2369 re,
776 2291 813 2342 ut
833 2278 981 2361 perficio,
1002 2278 1168 2363 precipio,
1191 2277 1337 2362 proficio,
1360 2276 1501 2362 decipio,

450 2379 542 2463 rapio
558 2375 688 2462 deripio.
733 2379 906 2461 Virgilius:

590 2486 710 2554 'l'argora
719 2484 851 2558 deripiunt
861 2487 939 2539 oosds
949 2506 955 2538 :

450 2597 528 2660 paro
557 2595 681 2660 separo,
703 2595 801 2639 cerno
831 2596 975 2655 secerno,
997 2598 1083 2661 pono
1106 2597 1240 2660 repono,
1261 2575 1344 2639 cedo
1370 2576 1500 2653 secedo,

450 2678 535 2742 cubo
550 2678 683 2755 secubo,
698 2675 784 2740 duco
806 2677 936 2755 reduco,
952 2676 1035 2742 cado
1056 2676 1184 2758 decido,
1199 2690 1254 2742 ut:
1277 2674 1408 2742 Folium
1430 2677 1500 2764 ejus

451 2802 518 2845 non
534 2778 673 2856 decidit3
695 2792 728 2844 et
741 2779 829 2843 alibi.
866 2781 957 2844 Aruit
972 2781 1092 2845 foenum
1108 2791 1140 2846 ct
1150 2783 1210 2846 flos
1222 2779 1354 2844 decidit
1392 2781 1500 2846 Patior
1635 2826 1639 2874 l

450 2881 620 2966 perpetior,
635 2903 750 2966 passus
764 2903 946 2966 perpessus,
961 2892 994 2946 et
1007 2894 1123 2949 catera
1138 2883 1264 2948 similia.

494 2984 536 3049 D.
561 2982 767 3068 Tripertitam
788 2985 1026 3069 praepositionis
1048 2987 1189 3070 regulam
1211 3007 1285 3051 cum
1307 2985 1502 3070 quadrifaria

450 3088 621 3170 figurarum
637 3087 869 3171 compositione
882 3088 969 3152 velut
982 3087 1147 3172 quoddam
1159 3101 1234 3153 atrae
1246 3090 1394 3172 caliginis
1402 3090 1501 3153 chaos

450 3191 606 3257 adhibitis
646 3190 912 3255 documentorum
947 3192 1081 3257 laternis
1115 3194 1279 3257 luculente
1315 3195 1501 3271 illustrasti3

448 3305 548 3358 restat
569 3305 605 3357 ut
626 3295 745 3358 omissa
766 3293 992 3379 praepositione
1015 3307 1048 3360 et
1069 3297 1315 3381 compositione,
1332 3299 1502 3382 positionis

450 3409 558 3462 tamen
572 3398 827 3482 elevationisque
841 3408 989 3482 tempora
1009 3399 1136 3484 epitrito
1158 3411 1270 3485 quarto
1293 3401 1502 3484 congruentia
1638 3437 1639 3444 κ

448 3499 635 3584 regulariter
663 3499 924 3564 edisseras—M.
948 3501 1078 3586 Epitriti
1108 3502 1238 3587 quidem
1266 3525 1333 3568 non
1360 3505 1503 3568 serviunt

449 3601 672 3679 divisionibus,
687 3624 761 3666 cum
776 3603 939 3668 tamenin
963 3605 1089 3690 epitrito
1111 3617 1223 3689 quarto
1246 3607 1325 3670 arsis
1347 3606 1503 3692 anticipat
1638 3593 1639 3625 ¹

449 3714 596 3788 tempora
610 3713 766 3787 quaterna
779 3713 812 3764 et
827 3702 926 3767 thesis
942 3716 1042 3766 terna.

493 3805 535 3868 D.
555 3805 628 3868 Lex
643 3802 802 3886 prosodia
817 3793 1139 3887 promulgetur—M.
1154 3805 1314 3889 Epitritus
1329 3819 1462 3890 quartus
1476 3805 1503 3870 si

449 3906 626 3992 penultima
647 3904 808 3990 positione
829 3906 928 3989 longa
948 3907 1054 3986 fuerit,
1077 3917 1172 3971 acuto
1194 3909 1427 3991 pronunciatur
1448 3928 1501 3972 ac-

450 4018 558 4087 centu,
581 4019 617 4073 ut
637 4007 877 4085 hostimentum,
898 4007 931 4072 id
955 4020 1005 4072 est
1025 4022 1259 4094 equamentum
1275 4012 1326 4074 vel
1348 4011 1501 4092 exagium

424 4152 426 4157 ·
448 4113 585 4177 trutinas.
624 4111 659 4176 Si
674 4131 747 4173 vero
762 4110 943 4195 penultima
953 4125 1135 4176 naturarum
1144 4111 1272 4195 legibus
1282 4113 1501 4197 protelabitur,

448 4216 571 4299 absque
609 4211 796 4298 scrupulosa
834 4214 1041 4296 ambiguitate
1080 4214 1286 4279 circumflexo
1325 4215 1501 4300 proseratur

447 4327 594 4391 accentu,
609 4326 645 4378 ut
659 4313 877 4394 contignatus,
891 4314 1079 4380 fortunatus.

852 4411 905 4476 De
919 4413 1090 4478 Prosodio.

491 4513 647 4577 Prosodia
661 4525 709 4575 est
723 4515 849 4592 signum
862 4517 1016 4578 sermonis
1027 4517 1089 4578 iter
1098 4527 1219 4582 rectum
1231 4518 1352 4582 faciens
1367 4519 1501 4601 legenti.
