3759 5425
419 655 480 716 234
692 667 847 715 aurarem
863 668 906 714 an
921 666 1099 727 icrncrurr,
1114 666 1187 713 arc.

418 821 567 889 admittit
597 821 683 885 Nam
698 820 778 885 ratio
790 821 892 903 exigit
901 830 938 883 ut
948 820 985 883 in
995 822 1094 904 pleno
1104 840 1197 884 verau
1207 816 1471 900 vigintiquatuor

418 934 564 1005 tempora
593 923 677 986 nint:
714 920 854 985 admisso
883 922 994 1005 itaque
1024 919 1177 999 trocheo,
1205 917 1358 981 minuitur
1388 926 1470 979 tem·

418 1043 532 1107 porum
552 1042 701 1086 numerus
716 1030 749 1086 et
762 1032 855 1086 erunt
868 1032 1012 1107 tempore
1026 1020 1137 1104 viginti
1151 1019 1212 1084 tria
1225 1019 1284 1101 qui
1298 1027 1347 1081 eat
1361 1036 1472 1081 verene

419 1125 585 1208 colophos.
1020 1201 1023 1210 .

464 1226 507 1289 D.
531 1225 685 1310 Superius
714 1223 824 1289 dixisti
850 1225 994 1309 quinque
1024 1243 1143 1305 genera
1168 1240 1315 1284 veranum
1340 1238 1412 1282 ecee
1435 1218 1472 1279 in

420 1324 581 1409 dactylico
617 1324 827 1388 hexametro:
873 1345 947 1407 qnae
978 1322 1043 1385 nint
1077 1321 1266 1385 nominatim
1301 1315 1473 1382 dicito?-

419 1428 468 1491 M.
491 1427 698 1505 Hexameter,
712 1434 922 1510 pentameter,
936 1434 1127 1502 tetrameter,
1140 1424 1291 1500 trimeter,
1306 1418 1450 1484 dimeter.

463 1529 508 1591 D.
541 1529 741 1593 Hexameter
783 1528 901 1593 rectius
947 1526 1066 1592 dicitur
1110 1548 1151 1590 an
1196 1520 1474 1588 hexametrus?-

421 1631 470 1693 M.
493 1630 684 1713 Utrumque,
699 1638 735 1692 ut
748 1626 910 1705 Evander,
923 1627 1107 1706 Evandrus,
1122 1647 1257 1712 quorum
1271 1646 1370 1689 unum
1385 1625 1476 1688 venit

422 1752 462 1796 ex
478 1732 606 1810 Graeco,
620 1732 753 1795 alterum
768 1752 812 1794 ex
826 1730 952 1794 Latino.

465 1831 508 1894 D.
543 1832 742 1895 Hexemeter
770 1850 846 1913 ergo
876 1830 942 1894 eive
978 1830 1194 1909 hexametrus,
1222 1839 1302 1914 quot
1336 1825 1474 1911 pedibus

423 1920 674 1998 credituri-M.
697 1932 779 1997 Sex:
795 1931 925 2016 dactylo
940 1942 974 1997 et
988 1931 1143 2016 spondero
1157 1933 1281 1997 circum
1303 1952 1337 1994 ee
1356 1928 1474 2013 positia

423 2046 478 2101 aut
493 2036 616 2100 alterna
629 2035 872 2119 interpositione
888 2036 1025 2101 variatio

466 2138 511 2200 D.
535 2138 726 2203 Hexametri
740 2160 850 2203 versus
864 2160 982 2222 genera
996 2151 1076 2224 quot
1089 2138 1280 2205 eunti-M.
1302 2138 1388 2203 Tria.

468 2237 511 2302 D.
522 2238 603 2310 Quae
611 2234 1473 2323 i-M.Hexameterdactylicua,hexemeterheroicna‚

425 2341 611 2404 hexameter
631 2338 801 2418 iambicus,
816 2340 873 2426 qui
893 2352 926 2405 et
944 2341 1100 2419 senarius,
1116 2341 1174 2424 qui
1188 2350 1317 2403 constat
1333 2362 1376 2404 cx
1396 2341 1472 2402 eim·

425 2444 563 2528 plicibus
577 2464 636 2507 aex
650 2440 800 2526 idemque
815 2464 858 2507 ex
873 2443 1059 2526 duplicibus
1073 2444 1221 2508 trimeter.

471 2545 512 2607 D.
536 2543 624 2617 Quid
643 2564 731 2626 ergo,
749 2542 776 2606 si
796 2564 906 2607 versus
924 2544 1112 2608 hexameter
1133 2565 1195 2608 aex
1213 2542 1377 2628 apondaeia
1398 2563 1473 2607 con·

427 2644 550 2725 stiterit,
561 2645 679 2729 poterit
691 2642 755 2709 dici
767 2642 948 2730 dactylicus
954 2644 1060 2709 t-M.
1076 2647 1218 2709 Vocatur
1226 2644 1359 2730 quidem
1367 2666 1475 2709 verane

427 2746 657 2832 spondiazon:
681 2747 740 2812 aed
755 2755 890 2811 metrum
906 2745 1112 2831 dactylicum,
1126 2767 1202 2811 nam
1215 2746 1375 2831 ejusmodi
1390 2767 1476 2810 com·

426 2852 545 2935 positio
559 2870 627 2913 non
641 2850 703 2914 nisi
716 2850 750 2913 in
766 2848 962 2932 dactylicum
976 2862 1114 2914 metrum
1128 2849 1224 2915 cedit.

471 2952 513 3014 D.
538 2950 602 3024 Qui
631 2959 707 3014 aunt
732 2971 841 3015 verane
867 2949 1081 3016 hexametrici
1110 2950 1261 3034 dactylici
1273 2947 1379 3014 t-M.
1412 2953 1477 3025 Qui

428 3057 551 3114 tantum
581 3069 641 3112 aex
663 3047 802 3132 pedibus
828 3049 999 3134 dactylicis
1030 3062 1179 3116 constant
1199 3061 1316 3135 praeter
1334 3052 1423 3116 bella
1443 3063 1478 3115 et

428 3151 514 3214 secta
538 3149 672 3213 heroum
702 3147 872 3234 quodlibet
899 3151 990 3215 alind
1014 3153 1216 3218 continentes
1238 3162 1275 3216 ut
1299 3165 1379 3236 puta
1403 3165 1478 3218 aunt

428 3251 586 3315 Bucolica
600 3261 632 3315 et
648 3250 809 3334 Georgica
823 3265 1001 3340 caeteraque
1016 3255 1249 3340 hujuscemodi.

474 3358 517 3420 D.
539 3355 603 3430 Qui
613 3367 689 3420 aunt
696 3355 873 3420 hexametri
883 3355 1118 3422 heroicil-M.
1134 3358 1199 3431 Qui
1208 3358 1337 3421 bellaet
1345 3355 1478 3420 heroum

428 3479 479 3522 rea
494 3469 599 3541 gestas
614 3457 872 3541 complectuntur
886 3458 987 3521 veluti
1000 3466 1050 3521 cat
1064 3458 1142 3522 Iliae
1157 3458 1292 3521 Homeri
1302 3459 1353 3522 vel
1367 3458 1480 3521 AEneis

430 3556 559 3639 Virgilii
572 3557 620 3618 vel
638 3555 762 3620 Lucani
776 3555 886 3639 praelia
898 3553 1036 3620 Ooeeeria
1049 3561 1083 3618 et
1097 3554 1244 3637 Pompeii
1258 3554 1469 3618 decantantis.

476 3660 519 3722 D.
542 3658 624 3731 Quia
638 3670 687 3721 est
700 3678 759 3740 pes
774 3657 907 3740 quintus
919 3655 1025 3721 t-M.
1049 3657 1216 3741 Dactylua.

477 3759 518 3822 D.
541 3761 645 3832 Quare
661 3759 792 3842 quintus
812 3757 943 3842 dactylo
965 3759 1119 3842 competit
1129 3754 1235 3821 t-M.
1258 3758 1344 3831 Quia
1356 3777 1482 3842 nemper

433 3862 466 3925 in
483 3881 587 3938 versu,
601 3861 749 3944 exeeptis
764 3859 836 3924 eliis
849 3860 931 3924 locis
946 3859 1065 3944 quibua
1078 3857 1164 3922 varie
1182 3858 1323 3943 ponitur,
1337 3858 1482 3943 quintam

433 3964 596 4046 regionem
619 3962 745 4046 proprie
768 3961 901 4038 obtinet,
920 3960 1091 4044 minusque
1113 3958 1194 4023 lenia
1215 3970 1264 4023 eat
1283 3979 1404 4037 verane,
1425 3957 1484 4042 qni

434 4065 546 4150 quinto
560 4064 634 4128 loco
650 4061 838 4146 spondaeum
853 4060 1013 4135 habuerit,
1028 4071 1062 4124 et
1076 4071 1208 4125 vocatur
1222 4060 1433 4145 spondiazon
1447 4071 1485 4123 nt

434 4178 484 4230 εει
497 4167 568 4230 ὥθ’
647 4245 703 4298 Aut
714 4243 787 4298 lever
798 4261 886 4298 ocreae
896 4242 969 4298 leuto
980 4243 1078 4297 ducunt
1088 4215 1207 4312 argento»

436 4344 546 4408 etideo
555 4365 616 4406 uec
624 4344 657 4406 in
668 4343 732 4406 line
742 4341 888 4426 dactylus
895 4340 993 4406 debet
1001 4341 1077 4425 poni
1084 4361 1144 4405 nec
1154 4338 1485 4424 spondaeminquinto

436 4448 518 4510 loco.
557 4446 637 4508 Ideo
650 4445 823 4529 spondaeus
834 4467 854 4509 a
864 4443 1056 4528 quibusdam
1071 4445 1154 4509 imus
1169 4464 1228 4527 pes
1242 4443 1488 4525 cognominatur

438 4547 526 4632 quod
541 4547 701 4630 regionem
717 4558 841 4612 sextam
858 4547 919 4610 sibi
934 4546 1087 4612 vindicet.
