3759 5425
416 698 479 755 ‘le

692 712 849 759 Epistola
866 714 909 757 su
926 715 1100 773 uvillelmi,
1117 713 1188 759 ΠΟ.

693 884 729 929 ιι.
747 886 931 931 laureum
948 884 1187 931 esurmmcss.

794 973 819 1031 l.
837 968 889 1031 De
905 966 1105 1031 Petusium.

504 1071 575 1133 Nos
591 1072 717 1135 Atlante
733 1082 816 1134 satas
831 1069 941 1135 stolidi
956 1069 1069 1132 dixere
1084 1069 1225 1153 prioresz

503 1174 587 1237 Nam
602 1184 734 1257 septena
750 1173 865 1237 cohors
880 1186 939 1250 est,
955 1170 1011 1235 sed
1027 1172 1084 1234 vix
1101 1171 1241 1233 comitur
1256 1190 1330 1231 uuo.

505 1278 586 1339 Arce
602 1276 669 1360 poli
685 1274 856 1357 gradimur,
871 1296 932 1338 nec
948 1296 1014 1337 non
1030 1274 1090 1337 sub
1105 1273 1250 1350 Tartara,
1264 1284 1355 1335 terrae

505 1378 530 1441 F
531 1378 617 1440 urris
632 1378 848 1461 conspicimur
862 1376 1015 1454 tenebris,
1030 1388 1062 1439 et
1075 1378 1149 1439 luce
1163 1376 1309 1449 latemus,

504 1478 646 1541 Nomina
660 1477 700 1541 de
715 1498 811 1540 verno
827 1477 982 1541 ducentes
997 1489 1140 1558 tempore
1155 1476 1270 1558 prisea.

760 1584 791 1642 2.
808 1578 860 1641 De
875 1578 1140 1640 mirmicoleonta.

504 1680 637 1744 Dudum
653 1680 842 1764 compositis
857 1700 918 1761 ego
934 1700 1053 1743 nomen
1067 1688 1157 1761 gesto
1174 1677 1294 1759 figuris,

503 1782 550 1845 Ut
564 1782 628 1860 leo,
643 1782 690 1845 sic
706 1782 836 1845 formica
850 1802 949 1846 vocor
962 1801 1108 1844 sermone
1123 1780 1269 1861 Pelasgo,

499 1882 644 1965 Tropina
658 1883 843 1947 nominibus
858 1883 989 1964 signans
1003 1882 1161 1965 praesagia
1176 1880 1293 1964 duplis,

503 1984 586 2048 Cum
602 1984 711 2049 rostris
727 1984 831 2048 avium
847 2006 1005 2069 nequeam
1021 1984 1166 2047 resistere
1180 1994 1300 2059 rostro;

503 2084 668 2146 Scrutatur
683 2082 825 2166 sapiens,
839 2083 967 2165 gemino
982 2104 1040 2146 cur
1052 2084 1181 2147 nomine
1198 2083 1310 2165 fingar.

845 2188 876 2247 3.
894 2182 948 2245 De
964 2184 1044 2265 Ape.

503 2285 653 2349 Mirificis
668 2286 801 2350 formata
815 2286 931 2365 modis,
947 2287 1015 2350 sine
1031 2289 1151 2351 semine
1166 2300 1264 2364 creta,

505 2388 624 2451 Dulcia
638 2388 794 2469 florigeris
810 2410 907 2452 onero
922 2388 1099 2471 praecordia
1112 2389 1249 2474 praedis:

504 2491 579 2552 Arte
595 2508 667 2551 mea
681 2509 795 2552 crocea
811 2490 988 2553 flavescunt
1001 2490 1123 2554 fercula
1138 2512 1258 2571 regum.

505 2592 642 2672 Semper
655 2602 749 2653 acuta
764 2610 839 2671 gero
855 2589 995 2654 crudelis
1010 2590 1136 2674 spicula
1149 2591 1239 2670 belli,

504 2693 608 2774 Atque
623 2708 734 2753 carens
749 2690 898 2753 mauibus
913 2690 1073 2754 fabrorum
1088 2692 1183 2756 vinco
1198 2692 1336 2756 metalla.

831 2798 862 2855 4.
879 2791 931 2854 De
947 2790 1055 2856 Limo.

501 2892 644 2978 Corpore
659 2893 794 2971 sulcato,
809 2914 868 2956 nec
884 2913 950 2956 non
966 2893 1123 2976 ferrugine
1139 2897 1264 2977 glauca,

501 2995 580 3058 Sum
596 2995 740 3072 formata,
754 2994 869 3056 fricans
885 2994 976 3057 rimis
990 2994 1126 3058 informe
1141 2997 1320 3060 metallum:

501 3097 578 3158 Auri
595 3096 744 3158 materias
759 3115 946 3178 massasque
960 3097 1064 3178 polire
1079 3109 1181 3174 sueta,

502 3198 602 3261 Plano
617 3195 820 3279 superficiem
835 3207 997 3274 constans,
1012 3199 1185 3281 asperrima
1198 3220 1313 3262 rerum.

498 3297 624 3375 Gauio,
641 3318 720 3360 voce
737 3317 860 3373 carens,
874 3317 972 3360 rauco
988 3319 1061 3361 cum
1076 3321 1235 3363 murmure
1251 3299 1397 3364 stridens.

804 3403 834 3461 o.
853 3396 905 3459 De
921 3395 1086 3462 Luscinus.

503 3503 574 3564 Vox
592 3523 664 3564 mos
678 3499 811 3563 diversis
826 3499 963 3562 variatur
977 3503 1088 3584 pulcra
1102 3503 1224 3585 liguris,

501 3603 696 3667 ftoucisonis
710 3623 876 3686 nunquam
892 3599 1081 3666 modulabor
1096 3606 1237 3668 carmina
1251 3607 1371 3683 rostris,

499 3707 616 3788 Spreta
632 3705 738 3768 colore
755 3717 872 3780 tamen,
887 3702 944 3766 sed
959 3725 1024 3768 non
1042 3726 1112 3768 sum
1126 3716 1234 3789 spreta
1248 3707 1405 3770 cauendo.

502 3808 556 3869 Sic
573 3829 636 3868 non
652 3825 743 3870 cesso
759 3825 887 3882 canens,
902 3804 967 3868 fato
983 3816 1118 3870 terrente
1134 3808 1255 3871 futuro:

502 3909 585 3970 Nam
601 3929 651 3970 me
667 3907 781 3969 bruma
795 3907 894 3986 fugat,
909 3904 966 3969 sed
980 3929 1056 3970 mox
1075 3919 1182 3972 aestate
1197 3907 1320 3972 redibo.

575 4015 604 4070 6.
625 4005 676 4068 De
696 4006 842 4079 Turrino,
859 4023 926 4086 quc
943 4005 1153 4068 Momentum
1168 4007 1295 4071 dicitur.

503 4111 572 4172 Nos
587 4108 733 4192 geminas
749 4108 823 4171 olim
841 4109 953 4188 genuit
968 4109 1091 4172 Natura
1106 4131 1239 4187 sorores,

497 4213 588 4284 Quas
598 4209 716 4294 jugiter
730 4221 825 4273 rectae
840 4209 922 4292 legis
939 4231 1073 4273 censura
1086 4211 1251 4293 gubernat.

500 4316 660 4398 'l'emporo
676 4336 839 4398 personas,
856 4326 888 4376 ot
898 4313 954 4398 jus
970 4336 1094 4378 serrare
1110 4315 1258 4378 solemus.

501 4415 592 4479 Felix
607 4418 640 4478 in
658 4429 738 4479 terra
754 4417 845 4480 lieret
860 4417 1047 4479 mortalibus
1063 4438 1178 4490 aesum,

496 4519 636 4582 sustitiae
653 4541 793 4583 normam
811 4521 837 4582 si
855 4532 981 4583 servent
997 4543 1083 4585 more
1099 4542 1252 4584 sororum.
