3759 5425
762 697 804 742 ult
820 695 985 744 Leonteus
1000 693 1184 742 truentum.

522 851 609 914 Dum
626 853 698 935 pius
712 851 744 915 in
759 851 904 936 patulum
920 850 1070 932 dignatur
1085 847 1240 913 scandere
1255 847 1389 929 lignum.

523 953 607 1017 'llrm
622 955 732 1018 luscus
748 961 846 1016 tortor
860 953 961 1016 sensit
975 952 1165 1016 detrimenta
1178 949 1323 1034 pupillae,

523 1055 674 1138 Martyris
689 1055 829 1119 afflictus
844 1056 963 1134 flagris,
976 1065 1009 1118 et
1023 1053 1144 1137 stipitis
1158 1053 1236 1115 ictu.

523 1157 605 1220 Mox
622 1157 877 1240 monophthalmi
893 1166 1049 1220 restaurat
1061 1155 1183 1218 lumina
1197 1162 1334 1237 martyr:

523 1261 675 1333 Quamvis
688 1259 864 1324 Pontifices
878 1259 946 1323 fani
958 1259 1099 1323 ludibria
1113 1259 1202 1342 passi

522 1359 670 1425 Reddere
686 1381 750 1424 non
766 1368 898 1442 possent
912 1359 1053 1423 evulsam
1069 1359 1177 1442 stipite
1190 1356 1307 1421 lucem.

523 1462 660 1544 Insuper
673 1457 839 1526 excelsum
855 1459 927 1524 sorti
943 1480 1099 1543 compage
1114 1460 1268 1523 sacellum

522 1562 763 1646 Quinquaginta
778 1561 873 1624 simul
889 1562 1017 1624 stabant
1031 1561 1199 1625 simulacra
1212 1561 1359 1623 metallis.

522 1662 631 1726 Diruit
645 1661 686 1726 ad
700 1662 836 1726 fundum
852 1675 998 1727 sternens
1013 1662 1177 1725 molimina
1191 1662 1307 1745 prisca.

524 1765 599 1826 Non
615 1762 706 1826 Mars
721 1762 892 1826 vulnificus
906 1763 963 1847 qui
977 1762 1055 1826 belli
1070 1761 1192 1824 semina
1208 1762 1346 1845 spargit:

525 1865 673 1929 Rancida
687 1865 857 1948 gorgoneis
871 1866 1031 1949 inspirans
1047 1864 1147 1928 corda
1159 1865 1292 1927 venenis

522 1967 660 2030 Delubri
673 1967 786 2032 statuis
800 1967 906 2050 potuit
920 1988 1106 2032 succurrere
1120 1967 1256 2050 parmis:

523 2068 594 2132 Nec
612 2069 732 2146 Venus,
746 2078 802 2131 aut
814 2067 949 2130 Veneris
963 2067 1094 2150 pmdest
1108 2066 1315 2150 spurcissima
1327 2066 1446 2149 proles.

523 2170 629 2233 Aurea
644 2177 824 2232 sternuntur
837 2167 938 2232 fundo
954 2170 1125 2232 simulacra
1137 2167 1308 2247 Minerva,

523 2270 694 2353 Quamque
710 2269 815 2333 Deam
830 2269 938 2332 stolidi
954 2268 1107 2333 dixerunt
1121 2280 1187 2332 arte
1201 2280 1383 2353 potentem:

524 2373 595 2435 Nec
611 2372 761 2436 Bacchus
776 2371 885 2448 valuit,
901 2371 955 2436 cui
969 2371 1120 2435 frondent
1133 2371 1265 2455 palmite
1279 2373 1370 2448 vites,

525 2473 572 2537 Ut
585 2472 726 2537 referunt
739 2472 818 2536 falso
833 2483 974 2536 veterum
991 2472 1144 2553 figmenta
1156 2472 1321 2548 librorum,

524 2575 665 2640 Numine
680 2583 830 2639 nutantes
845 2575 910 2638 sani
925 2575 1034 2638 fulcire
1049 2575 1226 2638 columnas.

524 2677 590 2743 Sed
602 2677 742 2742 litubant
756 2677 865 2763 templi
879 2676 1098 2741 tremebundis
1112 2698 1268 2742 marmora
1282 2677 1407 2753 crustis,

523 2781 570 2844 Et
583 2780 646 2843 ruit
660 2779 694 2841 in
710 2799 856 2863 praeceps
870 2779 1006 2842 lessellis
1020 2778 1144 2842 fabrica
1157 2779 1274 2843 fractis.

524 2884 696 2965 Neptunus
711 2881 794 2943 fama
810 2879 916 2944 dictus
930 2891 1078 2961 regnator
1093 2900 1274 2962 aquarum:

525 2984 589 3057 Qui
603 2983 684 3064 regit
698 2983 866 3067 imperium
880 2983 972 3067 ponti
988 2983 1188 3063 turgentibus
1202 2982 1307 3062 undis,

524 3086 636 3149 Falsas
650 3084 783 3167 effigies,
797 3105 878 3168 quas
893 3086 1008 3166 glauco
1023 3105 1178 3147 marmore
1193 3084 1352 3167 scalpunt,

523 3188 631 3251 Aurea
644 3208 700 3250 seu
716 3187 802 3250 fulva
816 3208 898 3271 quas
913 3197 1028 3250 ornant
1041 3188 1149 3269 petala
1164 3185 1275 3264 fronte,

526 3287 626 3351 Haud
641 3288 740 3352 valuit
755 3298 893 3352 veterum
908 3297 985 3352 tunc
1001 3298 1177 3352 sustentare
1192 3286 1333 3351 deornm.

525 3390 655 3455 Alcides
669 3392 766 3455 fertur
781 3392 933 3456 Centauri
948 3392 1050 3455 victor
1064 3392 1203 3475 opimus,

525 3492 689 3555 Flammea
704 3493 759 3576 qui
775 3492 891 3576 pressit
902 3493 1034 3555 latronis
1048 3492 1179 3556 flamina
1193 3492 1283 3570 Caci,

524 3591 676 3664 Quamvis
692 3592 824 3656 fumosis
839 3602 978 3657 ructaret
990 3592 1094 3655 flabra
1105 3592 1254 3676 loquelis,

524 3696 674 3759 Herculis
688 3695 721 3758 in
737 3708 848 3781 crypta
862 3707 893 3758 et
908 3706 1071 3780 torqueret
1085 3695 1217 3759 dextera
1231 3696 1364 3769 clavam,

525 3799 600 3861 Non
617 3808 722 3860 tamen
739 3797 772 3861 in
789 3800 908 3883 templo
922 3798 1026 3879 rigida
1041 3799 1155 3863 virtute
1169 3800 1310 3875 resultat,

528 3899 601 3972 Qua
616 3900 752 3963 famulus
767 3900 885 3965 Christi
900 3902 1039 3985 supplex
1055 3903 1198 3965 oramina
1212 3900 1304 3965 fudit.

524 4004 689 4066 Vulcanus
703 4013 814 4078 cutax,
829 4024 923 4086 quent
941 4003 1069 4085 fingunt
1081 4005 1158 4085 igne
1173 4015 1347 4087 potentem,

525 4103 660 4167 Torrida
675 4103 878 4186 flammigeris
893 4103 1111 4169 moderantem
1127 4106 1262 4170 fulmina
1276 4106 1382 4169 lraenis

524 4204 684 4267 Funditus
699 4203 852 4267 occubuit
867 4202 1031 4266 fraudatus
1046 4215 1129 4267 torrc
1145 4224 1301 4287 rogorum.

527 4306 579 4369 Sic
597 4314 745 4390 quassata
760 4304 822 4369 ruit
836 4304 1013 4369 simulacris
1028 4305 1178 4369 machina
1191 4306 1299 4390 lapsis,

526 4408 574 4470 Ut
589 4416 729 4470 veterum
743 4418 849 4469 narrat
864 4428 960 4471 verax
975 4406 1107 4470 historia
1121 4427 1242 4469 rerum:

527 4508 609 4571 Cum
625 4508 785 4587 geminam
802 4508 917 4569 flamen
934 4508 1055 4589 prolem
1071 4528 1205 4589 peccare
1221 4505 1352 4582 videret,

528 4608 597 4669 Nec
615 4618 721 4670 tamen
738 4605 891 4686 asperitas
906 4608 1006 4688 patris
1021 4616 1239 4689 compesceret
1253 4607 1327 4683 nlla,
