3759 5425
407 593 469 655 tet
688 604 843 653 emenone
859 604 1186 665 unanimiorem.
1570 334 1599 719 i

546 754 682 825 stellisque
693 754 773 809 litant
783 770 843 824 oure
854 753 912 808 luae
923 753 1056 823 fugentur.

406 852 578 919 Scanditnr
597 854 704 939 linque
724 854 758 917 li.
782 852 952 937 dactylua3
974 873 1101 931 aecana,
1114 873 1246 929 nenena,
1260 872 1408 932 negano,
1424 872 1485 911 ro-

406 978 492 1035 rane,
516 956 639 1035 volana,
668 974 814 1033 curvans,
842 955 965 1031 larana,
994 954 1108 1037 ligans,
1137 954 1271 1017 mieana
1316 952 1484 1015 Veniunt

407 1056 617 1121 nihilominus
645 1077 665 1121 a
694 1054 836 1121 necunde
864 1055 1102 1141 conjugatione,
1126 1054 1258 1141 quando
1282 1052 1487 1135 eibmhyn

408 1159 443 1223 in
463 1158 606 1223 iambum
624 1166 863 1237 transmutatur,
877 1155 912 1220 id
934 1169 984 1221 eat
1005 1178 1082 1222 cum
1100 1155 1357 1241 significationes
1378 1152 1487 1217 verbi

409 1259 505 1323 activi
520 1268 554 1323 et
567 1258 719 1323 neutralia
733 1258 768 1321 in
783 1257 956 1343 participia
968 1258 1135 1342 prasentia
1155 1254 1307 1340 temporis
1329 1272 1484 1318 conrat-

410 1368 529 1439 tuntur,
555 1359 659 1425 doceo
684 1359 820 1436 decena,
845 1379 940 1423 careo
965 1378 1089 1437 carena,
1113 1359 1203 1440 rigeo
1227 1356 1347 1439 rigens,
1373 1355 1484 1419 faveo

412 1462 532 1535 larena,
556 1460 636 1524 sileo
658 1459 769 1538 ailene,
790 1460 880 1523 celeo
902 1459 1025 1535 celena,
1047 1460 1146 1523 rubeo
1168 1458 1296 1521 rubeae.
1340 1456 1390 1519 Ut
1408 1454 1484 1518 Ju-

411 1580 550 1625 renone:

551 1666 580 1719 Si
591 1664 667 1718 ruber
678 1662 798 1717 astrifero
809 1664 926 1734 procedit
936 1680 1028 1735 reaper
1039 1662 1161 1735 Olympo.

412 1763 458 1827 Et
472 1762 644 1845 Vergilius:

552 1905 560 1920 .
576 1906 583 1921 .
602 1906 609 1920 .
627 1874 704 1921 rento
715 1885 819 1940 semper
830 1866 907 1920 rubet
917 1884 997 1921 aurea
1007 1865 1120 1920 Peene

412 1966 482 2029 Nee
508 1985 528 2027 a
553 1965 645 2029 tertia
673 1963 901 2050 conjugatione
930 1976 1078 2049 correpta
1105 1963 1282 2048 participia
1305 1965 1473 2029 venientia

411 2064 552 2129 iambum
577 2065 665 2147 gigni
689 2066 843 2131 arbitror:
878 2086 899 2128 a
920 2075 1034 2149 quarta
1054 2074 1162 2128 autem
1183 2084 1340 2149 nunquam
1361 2066 1467 2148 reperi

411 2175 448 2231 ut
460 2174 539 2249 puta
553 2186 628 2247 gero
644 2185 767 2249 gerens,
783 2186 876 2247 gemo
891 2184 1034 2248 gemens,
1048 2173 1116 2229 tero
1131 2177 1247 2242 terens,
1258 2186 1330 2229 aero
1344 2185 1463 2242 serena,

407 2287 469 2331 ruo
483 2286 589 2346 ruens,
604 2274 691 2331 struo
707 2276 844 2345 struens,
856 2267 908 2331 alo
923 2269 1027 2344 alena,
1037 2266 1110 2330 eolo
1125 2268 1247 2343 colena,
1257 2287 1330 2329 emo
1345 2288 1465 2342 emeno,

412 2368 485 2450 lego
503 2366 627 2451 legens,
647 2388 758 2452 premo
778 2388 938 2451 premene,
954 2388 1036 2431 cano
1056 2388 1186 2433 nenena
1231 2368 1351 2433 Omnia
1369 2368 1466 2451 igitur

411 2469 542 2533 nomina
556 2488 612 2533 eeu
625 2468 723 2533 verba
736 2470 786 2533 rel
805 2468 975 2553 participia
993 2467 1149 2553 praedicta
1168 2467 1210 2532 ad
1229 2469 1374 2533 iambum
1394 2489 1463 2553 per·

411 2566 547 2634 tinentia
561 2578 656 2633 acuto
671 2580 806 2635 accentu
817 2569 1022 2653 pronunciari
1035 2570 1179 2652 legitima
1188 2570 1464 2652 grammaticorum

412 2668 527 2736 euadat
540 2670 661 2753 regula.

830 2771 883 2836 De
898 2771 1044 2835 troeeaeo.

457 2875 499 2937 l).
523 2873 576 2936 Da
600 2873 751 2957 exempla
776 2871 818 2936 ad
842 2875 1038 2938 trochaicam
1064 2878 1169 2958 legem
1195 2877 1463 2960 competentia-

414 2975 463 3039 M.
488 2973 631 3038 Nomina
656 2974 804 3059 primitus
834 2995 906 3059 quae
919 2991 921 2994 ·
935 2976 1076 3040 trochaeo
1105 2997 1280 3057 congruere
1309 2975 1465 3054 videntur,

414 3077 485 3140 hae
507 3085 593 3153 eunt,
614 3075 728 3153 almus,
754 3085 895 3154 nanctus,
919 3077 1074 3161 nympha,
1099 3077 1243 3162 lympha,
1268 3078 1366 3157 abba,
1391 3079 1465 3154 offa,

413 3195 504 3248 occa,
529 3195 618 3258 sape,
644 3173 678 3237 id
704 3183 754 3238 eat
778 3173 970 3252 deductum,
992 3188 1125 3259 ostrum,
1150 3191 1298 3256 rostrum,
1324 3189 1469 3254 rastrum,

415 3284 589 3361 sceptrum,
609 3277 770 3362 scalprum
793 3297 813 3339 a
833 3297 899 3361 quo
920 3276 1109 3342 diminutive
1132 3280 1331 3364 scalpellum,
1344 3280 1467 3345 labrum

416 3375 502 3444 unde
515 3378 679 3456 labellum,
693 3377 793 3454 bulla,
808 3379 924 3459 bucca,
934 3379 1065 3462 gibbus,
1076 3381 1339 3465 gippua,burrus,
1348 3383 1469 3458 barrae,

417 3481 553 3562 floccus,
578 3501 704 3559 aoecue,
730 3500 871 3559 muscus,
896 3482 1019 3560 luscus,
1044 3482 1163 3562 fuscus,
1188 3493 1308 3547 tuscus.
1353 3483 1470 3547 Verum

416 3585 486 3650 haec
502 3583 661 3650 sufficiant
675 3580 717 3646 de
737 3580 898 3664 positione
917 3581 1035 3664 longis,
1051 3604 1123 3668 quae
1142 3583 1263 3668 passim
1286 3583 1321 3646 in
1340 3583 1471 3667 publico

415 3695 448 3749 et
468 3686 503 3748 in
523 3683 693 3769 propatulo
715 3681 777 3746 site
798 3703 818 3746 a
838 3684 981 3747 metricis
1008 3683 1158 3748 facillime
1181 3683 1470 3768 deprehenduntur.

417 3786 514 3848 Nunc
538 3784 594 3847 illa
619 3803 692 3867 quae
718 3783 904 3846 naturaliter
929 3783 1142 3867 productione
1167 3785 1320 3868 gaudent,
1342 3793 1377 3848 et
1401 3807 1473 3870 quoe

417 3883 544 3972 poetica
573 3884 795 3967 exemplorum
832 3883 1079 3969 adstipulatione
1117 3887 1290 3971 plurimum
1327 3884 1475 3969 indigent

416 3986 553 4054 breviter
574 3983 755 4063 adnectam,
776 3996 812 4050 nt
833 4006 935 4064 muse,
956 3999 1051 4065 meta,
1070 3996 1150 4066 aete,
1165 3998 1262 4064 creta,
1284 3986 1384 4065 theta,
1398 3987 1475 4060 feta,

417 4088 521 4175 apina,
538 4089 654 4166 Roma,
667 4107 768 4164 ruma,
782 4085 872 4164 rima,
886 4086 975 4168 lima,
989 4088 1113 4168 bruma,
1132 4089 1228 4167 fama,
1248 4089 1358 4165 mirus,
1374 4086 1472 4165 dinus,

418 4192 524 4268 fimus,
547 4209 674 4267 munus,
696 4187 814 4268 lumur,
836 4208 970 4271 prunae,
988 4189 1088 4273 pirus,
1104 4189 1211 4274 pinus,
1231 4198 1339 4269 texua,
1358 4189 1471 4263 melus,

417 4289 529 4364 flarua,
552 4311 664 4367 carrus,
685 4309 792 4368 sanus,
813 4291 907 4369 fatue,
929 4311 1035 4355 nantes
1060 4290 1093 4354 id
1119 4303 1168 4356 eet
1192 4291 1337 4376 pumilio,
1366 4290 1473 4366 orinia,

418 4389 502 4466 linia,
525 4390 620 4467 sunia,
642 4391 758 4468 clunia,
779 4389 866 4455 unde
890 4391 1095 4457 clunaculum
1119 4391 1244 4456 dicitur.
1290 4391 1346 4456 Sic
1368 4391 1473 4456 luline
