3759 5425
806 627 850 672 DE
865 627 1033 674 LAUDlBU!
1048 624 1228 677 VIRGINUH.

563 779 637 852 Quo
646 779 866 865 jocundantes
881 801 1009 865 semper
1021 781 1214 846 lactabimur
1228 781 1343 845 ambae.

563 882 672 946 Frater
686 882 829 949 amicitia
842 903 1007 968 nunquam
1023 882 1212 948 fraudabere
1228 891 1336 946 nostra

561 986 671 1051 Altera
683 988 851 1070 virginitas
866 987 1018 1052 foecundo
1033 989 1111 1052 flore
1127 999 1269 1052 vocatur:

562 1087 673 1152 Altera
688 1090 829 1170 gestabit
842 1091 942 1154 solers
956 1088 1115 1174 sapientia
1130 1109 1260 1152 nomen.

562 1185 609 1252 Et
622 1209 734 1254 snmus
747 1191 911 1274 Angelicis
926 1191 1031 1256 missae
1047 1190 1088 1255 de
1104 1189 1234 1254 sedibus
1248 1188 1364 1262 isthuc,

563 1289 610 1351 Ut
625 1299 730 1354 tecum
745 1302 896 1356 maneant
908 1301 1027 1356 nostrae
1044 1289 1205 1355 consortia
1220 1289 1303 1354 vito.

607 1391 749 1458 Basilius
764 1393 927 1478 quondam
944 1393 1113 1460 doctorum
1127 1393 1287 1456 maximus
1301 1398 1412 1453 auctor

566 1489 722 1557 Condidit
735 1494 896 1576 egregiam
911 1493 1021 1558 divino
1037 1494 1187 1576 dogmate
1201 1493 1320 1573 legem:

562 1593 592 1655 A
606 1613 670 1676 qna
684 1594 842 1676 processit
855 1594 979 1660 libratae
994 1596 1142 1658 normula
1157 1595 1241 1670 rito,

561 1693 701 1775 Vergere
717 1715 789 1779 qua
803 1696 928 1760 nullum
943 1697 1034 1761 laxat
1049 1697 1110 1761 sub
1126 1693 1268 1780 pondere
1283 1713 1381 1770 saevo,

561 1793 712 1861 Trutinat
726 1796 844 1862 eleetos
858 1795 917 1861 sed
925 1795 1015 1881 justa
1029 1797 1124 1863 lauoe
1139 1796 1253 1872 libelli,

561 1897 702 1962 Alternis
717 1898 843 1965 vicibus
856 1898 996 1964 reddens
1011 1902 1142 1964 oracula
1157 1898 1277 1964 sanctis

562 1999 705 2071 Qualiter
719 2010 848 2064 ornetur
861 2021 960 2064 verax
975 2000 1149 2065 eoncordia
1163 2000 1303 2064 fratrum.

561 2099 608 2161 Et
615 2099 714 2183 justae
722 2099 846 2184 jugiter
859 2100 1042 2181 fulgescant
1057 2099 1178 2165 foedera
1192 2101 1320 2164 mentis.

563 2205 634 2268 Nec
648 2225 713 2269 non
728 2204 849 2270 diserto
863 2204 998 2288 digessit
1012 2207 1130 2271 famine
1146 2206 1275 2284 librum,

562 2305 670 2370 Prima
684 2316 861 2372 creatarum
875 2306 1072 2391 pandentem
1087 2307 1209 2372 semina
1222 2327 1338 2382 rerum,

564 2408 710 2481 Qualiter
723 2419 860 2474 aeternus
874 2411 1047 2494 plasmaret
1061 2411 1182 2474 saeoula
1195 2421 1308 2484 rector,

563 2513 701 2598 Quoque
716 2525 882 2599 potentatu
897 2513 1089 2598 quadratum
1104 2512 1257 2576 conderet
1267 2511 1389 2586 orbem,

563 2613 734 2679 Materiam
750 2612 862 2678 mundi
878 2613 1064 2676 discernens
1075 2609 1186 2674 ordine
1201 2623 1289 2677 recto

562 2715 670 2779 Aurea
684 2716 799 2780 devexi
815 2715 892 2780 dum
907 2715 1021 2779 format
1036 2713 1140 2779 sidera
1155 2714 1238 2779 coeli.

562 2816 651 2879 Hine
666 2815 762 2879 nobis
778 2815 876 2882 oritur
891 2816 1004 2881 mundi
1019 2816 1182 2879 nascentis
1197 2815 1296 2897 origo,

562 2913 701 2981 Cuderet
716 2928 751 2980 ut
764 2937 908 2982 summus
922 2939 1026 2983 rerum
1043 2918 1207 2981 molimina
1220 2918 1384 3002 princeps,

562 3016 629 3080 Hic
645 3036 679 3079 se
694 3016 870 3097 uirgineum
885 3018 994 3102 prodit
1008 3039 1148 3082 semesae
1163 3017 1317 3101 pudorem

561 3116 683 3180 Taliter
697 3118 861 3181 affirmans
876 3120 1018 3202 perfecto
1032 3116 1149 3182 famine
1165 3118 1291 3202 praesul.

562 3216 717 3282 Feminea
729 3238 877 3303 preceps
891 3221 1033 3303 cognovi
1048 3242 1182 3305 corpora
1195 3238 1370 3303 nunquam,

561 3320 633 3384 Nee
649 3318 739 3403 tetigi
754 3322 885 3405 penitus
899 3324 1071 3388 muliebres
1086 3322 1220 3406 turpiter
1235 3331 1329 3385 artus.

562 3424 640 3488 Non
655 3433 760 3488 tamen
775 3422 928 3489 immunis
944 3426 1107 3490 vocitabor
1122 3424 1252 3489 nomine
1267 3422 1364 3505 virgo.

604 3524 719 3591 Edidit
732 3524 876 3607 insignes
891 3528 986 3591 tellus
1000 3526 1210 3609 memphitica
1224 3534 1342 3608 patres,

561 3628 687 3692 Lucida
701 3638 862 3712 perpetuae
877 3640 1056 3693 mercantes
1071 3646 1204 3690 munera
1218 3626 1302 3687 vitae.

560 3730 590 3792 E
607 3748 743 3813 quorum
757 3749 891 3793 numero
906 3729 1049 3813 pollebat
1063 3738 1146 3792 sorte
1162 3728 1257 3791 beata

561 3831 703 3895 Nomine
718 3832 841 3895 mmoso
856 3832 933 3895 felix
950 3832 1111 3895 Antonius
1126 3842 1247 3907 auctor,

561 3934 693 3998 Summa
706 3956 913 4020 supernorum
929 3935 1123 4019 conquirens
1138 3955 1236 4015 regna
1250 3932 1405 4016 polorum.

559 4036 627 4100 Hic
642 4036 762 4120 primus
777 4035 889 4100 docuit
902 4037 1043 4099 cultores
1057 4035 1168 4099 ordine
1184 4044 1313 4098 sanctos

560 4136 719 4221 Squalida
732 4156 790 4221 per
805 4137 904 4199 saltus
919 4146 1062 4220 peterent
1076 4145 1112 4198 ut
1126 4154 1199 4198 rura
1211 4136 1358 4197 locorum

561 4242 600 4304 In
616 4240 692 4323 quis
706 4239 974 4324 contemplativos
989 4238 1161 4323 decerpere
1178 4240 1297 4303 fructus

560 4341 713 4403 Poscent:
736 4350 770 4405 et
777 4341 897 4425 jugiter
911 4340 1042 4404 domino
1058 4340 1238 4405 famularier
1253 4340 1329 4403 alto.

562 4441 626 4505 Hic
644 4440 777 4524 inquam
792 4442 916 4504 monuit
932 4442 1087 4505 coelorum
1103 4462 1200 4525 regna
1215 4450 1386 4517 merentes,
