3759 5425
637 723 680 768 na
696 723 861 769 nanninus
876 721 1056 768 v1aoruuu.
1308 707 1367 764 lus

408 875 574 940 Coelicolis
588 877 713 960 superis
726 897 804 941 mox
820 875 1068 939 defendentibus
1084 877 1206 952 urbem,

405 978 537 1042 AEmula
550 978 629 1042 dum
642 979 762 1064 passim
777 986 938 1042 verterunt
953 987 1042 1060 terga
1055 977 1243 1060 phalanges,

408 1077 494 1142 Pace
509 1078 680 1143 salutiferis
694 1081 851 1164 populum
866 1079 1003 1162 stipante
1018 1077 1155 1142 coronis.

409 1177 558 1264 Denique
573 1201 648 1244 cum
662 1181 727 1244 voti
740 1189 914 1243 remeasset
927 1197 1061 1262 compos
1076 1176 1117 1242 ad
1132 1178 1255 1254 urbem,

410 1280 549 1366 Compta
562 1283 793 1366 triumphorum
809 1281 941 1344 sortitus
955 1283 1086 1346 labbara
1099 1281 1261 1364 princeps,

410 1385 540 1466 Inclyta
552 1383 709 1448 Romanis
723 1381 877 1446 revehens
891 1403 935 1446 ex
948 1382 1040 1445 hoste
1054 1382 1208 1465 trophaea,

411 1485 580 1548 Servorum
596 1485 705 1549 decies
719 1484 913 1568 quingentos
926 1482 1040 1546 liberat
1054 1482 1155 1546 heros.

412 1585 487 1648 Hoc
503 1594 562 1662 est,
576 1606 744 1649 vemarnm
759 1583 948 1648 famulantia
961 1581 1061 1645 millia
1075 1581 1230 1666 quinque,

411 1685 589 1769 Participes
604 1686 724 1750 faciens
738 1685 894 1748 Romanis
908 1683 1032 1747 civibus
1047 1703 1170 1746 omnes.

413 1786 485 1849 Nec
499 1787 581 1870 petit
594 1789 775 1868 Augustum
789 1796 916 1870 pactam
931 1784 992 1848 sihi
1006 1782 1138 1846 reddere
1154 1805 1316 1868 sponsam,

414 1885 609 1970 Conjugium
623 1888 753 1971 penitus
767 1886 922 1950 famosum
937 1895 1051 1968 sponte
1066 1903 1235 1949 recusans:

414 1985 541 2070 Sprevit
556 2010 653 2072 opum
668 1987 782 2066 nodos,
796 1986 972 2070 mundique
986 1985 1116 2070 reliquit
1131 1986 1273 2050 habenas

414 2088 460 2150 Ut
472 2109 597 2172 pauper
611 2089 772 2153 Christum
788 2090 882 2152 miles
896 2099 1082 2172 sequeretur
1096 2097 1253 2170 egentem,

413 2188 485 2252 Jam
501 2189 596 2253 sactis
610 2191 775 2275 complens
789 2188 963 2273 Scriptura
978 2188 1066 2253 dicta
1080 2189 1244 2253 docentis:

414 2289 499 2352 Vota
514 2301 625 2355 vovete
641 2292 714 2354 Deo
728 2290 900 2354 reddentes
915 2289 1023 2354 debita
1037 2301 1143 2374 pacta.

417 2389 471 2453 Sic
487 2391 579 2454 Deus
593 2392 797 2474 omnipotens
812 2391 963 2456 famulam
977 2393 1120 2475 protexit
1135 2400 1303 2468 amentem,

415 2491 561 2554 Vocibus
575 2489 712 2555 assiduis
725 2492 908 2575 pulsantem
922 2513 1022 2573 regna
1036 2491 1187 2564 tonantis,

419 2589 465 2652 Ut
479 2612 513 2654 se
528 2602 666 2654 servaret
681 2602 767 2656 sator
779 2593 970 2675 integritatis
985 2603 1117 2666 amator,

419 2690 539 2757 Lurida
551 2692 750 2778 linquentem
765 2695 841 2759 saevi
856 2694 1001 2759 colludia
1014 2695 1120 2759 luxus.

418 2794 529 2857 Plures
543 2815 617 2858 nam
633 2794 762 2859 Christo
777 2796 932 2860 convertit
948 2794 1096 2877 dogmate
1112 2804 1241 2873 turmas,

418 2897 578 2981 Exemplo
593 2897 699 2976 simul,
713 2910 746 2962 et
760 2899 879 2963 celebri
893 2918 1017 2961 rumore
1033 2919 1216 2963 coruscans.

421 2998 561 3063 Uberius
574 2998 721 3083 pandunt
735 3001 871 3082 geminae
887 3000 976 3084 quod
992 3001 1071 3064 forte
1086 3022 1218 3078 sorores,

420 3100 528 3165 Attica
541 3110 575 3164 et
588 3101 743 3183 Ameneia,
755 3102 901 3186 pretoria
916 3103 1072 3185 sanguine
1087 3114 1192 3180 cretae,

422 3203 524 3275 Quem
540 3203 744 3268 Gallicanum
760 3204 945 3269 vocitabant
958 3205 1078 3269 saecula
1091 3206 1216 3289 prisca:

422 3304 572 3368 Praefatas
586 3303 677 3387 cujus
692 3306 820 3369 soboles
834 3306 945 3387 regina
959 3307 1119 3383 monebat,

424 3407 611 3488 virgineum
625 3408 722 3471 castis
737 3417 773 3472 ut
787 3418 912 3471 servent
926 3408 1068 3489 gestibus
1083 3428 1196 3485 aarum,

421 3505 549 3570 Florida
563 3526 635 3589 quac
649 3505 769 3589 pariter
782 3526 923 3570 meruere
940 3514 1062 3589 tropaea
1075 3506 1218 3591 pudoris,

424 3607 512 3670 Dum
526 3606 682 3670 mundum
696 3608 848 3692 linquunt
860 3617 1020 3672 transacto
1035 3618 1176 3693 tempore
1192 3610 1274 3684 vitas,

423 3709 468 3771 Et
483 3709 585 3772 fauste
598 3721 773 3792 properant
786 3709 828 3774 ad
843 3711 917 3774 coeli
933 3708 1037 3773 sidere
1053 3732 1187 3775 sttrsum.

465 3810 535 3872 Nec
551 3809 660 3873 minus
674 3810 795 3874 interea
808 3812 921 3874 Βοωω
936 3810 1099 3875 tiruncula
1113 3811 1234 3875 Christi

426 3911 547 3974 Flornit
560 3911 787 3989 Eustochium,
802 3909 991 3974 venerandae
1006 3910 1073 3974 filia
1087 3911 1207 3989 Paulae,

425 4012 531 4075 lnlula
545 4032 642 4095 quam
655 4010 766 4075 nitidae
782 4012 929 4075 comebat
943 4022 1032 4075 easta
1040 4012 1193 4097 juventae,

423 4112 563 4195 Legibus
577 4112 734 4193 angelicis
757 4122 935 4175 servantem
946 4112 1020 4197 jura
1035 4113 1176 4198 pudoris.

424 4214 578 4286 Quamvis
591 4214 770 4278 Blaislllam
786 4214 863 4276 secli
879 4214 1007 4277 fortuna
1020 4234 1158 4276 sororem

425 4315 575 4378 Necteret
589 4314 631 4377 ad
647 4314 780 4378 thalami
795 4315 957 4396 copulam,
972 4312 1133 4399 taedasque
1143 4314 1282 4398 jugales,

421 4414 561 4478 Vmcula
575 4427 775 4500 comptomm
794 4436 955 4499 passuram
970 4415 1091 4479 blanda
1104 4428 1253 4481 tororum.

423 4524 571 4579 Attamen
587 4527 731 4600 ereptum
746 4517 793 4579 sic
806 4515 892 4579 luxit
905 4538 1023 4599 sponsa
1036 4515 1203 4600 pudorem,

323 4615 330 4653 ¹
851 4636 871 4677 o
