3759 5425
662 745 705 789 na
722 743 884 791 muninus
898 747 1134 794 vrnernrrrns.
1382 743 1423 800 67

366 894 533 958 οὴοοωῃω
568 899 755 984 cupiditatis
791 899 948 982 spurcitia
983 921 1159 965 succensus
1192 913 1224 966 et
1253 907 1426 988 petulantis

363 995 509 1059 lascivire
538 998 664 1063 facibus
693 1001 918 1078 inflammatus,
947 1000 1119 1066 luxuriosis
1149 1004 1315 1069 obtutibus
1348 1028 1424 1070 con-

365 1099 586 1182 templaretur,
615 1101 673 1166 sed
707 1102 879 1186 peplorum
913 1100 1052 1165 amicula
1087 1105 1249 1168 sceleratis
1278 1108 1425 1172 manibus

366 1201 570 1264 membratim
586 1202 730 1266 detracta
744 1222 950 1284 nequaquam
966 1222 985 1263 a
1000 1203 1120 1266 sanctis
1143 1205 1274 1268 artubus
1296 1209 1423 1290 spoliari

366 1301 544 1367 valuerunt
590 1305 741 1388 Denique
763 1303 926 1367 Dulcitius
950 1324 1070 1386 praeses
1093 1327 1167 1369 cum
1189 1309 1339 1372 omnibus
1359 1332 1422 1374 ma·

367 1401 647 1470 chinamentorum
668 1406 821 1490 inemptis
842 1405 1053 1482 frustraretur,
1074 1415 1107 1469 et
1129 1407 1284 1492 quicquid
1310 1420 1422 1474 contra

367 1501 489 1569 Christi
510 1506 714 1588 virgunculas
735 1507 839 1570 moliri
862 1505 1065 1585 deliberaret,
1080 1517 1228 1584 cassaret,
1245 1510 1422 1594 imperante

367 1603 576 1670 Diocletiano
601 1629 711 1672 comes
733 1607 893 1671 Sisinnius
922 1607 1070 1689 prefatas
1095 1608 1159 1672 Dei
1186 1610 1322 1675 famulas
1347 1613 1424 1677 satis

366 1706 578 1774 crudescente
608 1730 776 1794 poenarum
804 1708 986 1773 attrocitate
1011 1709 1174 1774 vexandas
1196 1713 1334 1796 accepit,
1358 1713 1422 1777 nisi

365 1828 500 1890 spurcas
514 1809 884 1880 delnbriscaeremouias
906 1810 1096 1874 exhibentes
1118 1823 1173 1875 aut
1194 1813 1367 1897 lupercalia
1389 1825 1422 1878 et

364 1912 552 1994 compitalia
581 1912 784 1989 celebrando,
814 1914 865 1975 rel
894 1913 1110 1995 portumnalia
1139 1915 1364 1998 perpetrando,
1390 1926 1421 1979 et

364 2014 591 2077 suovetaurilia
611 2014 804 2078 turificando
826 2035 882 2077 seu
904 2013 1044 2076 Floralia
1073 2023 1105 2078 et
1132 2015 1262 2078 nictelia
1286 2015 1421 2092 litando,

365 2111 540 2177 furibunda
560 2117 694 2179 numina
717 2117 973 2192 reconciliarent,
989 2123 1021 2177 et
1044 2116 1187 2179 Deorum
1210 2118 1349 2180 savorem
1372 2139 1420 2181 re-

366 2213 600 2296 propitiatam
634 2216 728 2301 cnjus
753 2215 971 2280 execrandum
998 2215 1164 2299 imperium
1191 2239 1264 2281 cum
1289 2219 1421 2302 implere

364 2314 572 2396 pertinaciter
590 2318 840 2398 refragarentur:
864 2317 948 2379 Duae
972 2339 1013 2380 ex
1034 2318 1098 2381 illis
1119 2319 1152 2381 in
1176 2319 1295 2382 torrida
1317 2321 1422 2405 crepi-

364 2415 462 2477 tantis
496 2435 585 2498 pyrre
617 2418 772 2482 incendia
805 2429 911 2496 trusae,
936 2439 1002 2482 una
1036 2419 1254 2501 pharetrarum
1288 2421 1421 2504 spiculis

363 2518 515 2595 sauciata,
526 2538 600 2581 cum
612 2519 812 2600 virginitatis
827 2520 936 2602 palma
951 2530 983 2582 et
998 2521 1139 2602 martyrii
1151 2541 1269 2583 corona
1278 2522 1420 2605 paradisi

364 2618 497 2699 praemia
518 2640 726 2702 possessura,
745 2634 778 2686 et
798 2643 872 2685 cum
897 2621 1047 2685 CXLIV.
1073 2621 1205 2684 milibus
1224 2622 1419 2703 Virginalem

366 2720 539 2785 melodiam
554 2723 765 2787 modulaturae
781 2723 822 2787 ad
838 2724 1002 2788 Christum
1017 2723 1136 2805 pariter
1151 2735 1365 2805 perrexerunt.

405 2821 464 2884 LI.
486 2822 650 2888 Ptaetcrea
670 2824 910 2909 imperantibus
927 2822 1090 2904 Augustis,
1105 2823 1275 2886 Valeriano
1296 2834 1327 2887 et
1341 2826 1419 2889 Gal-

362 2922 450 2986 lieno
466 2944 541 2987 cum
557 2924 661 2989 fervor
674 2926 800 2990 torridae
816 2926 1049 3011 persecutionis
1064 2935 1097 2989 et
1110 2924 1205 2988 ardor
1224 2924 1420 2991 crudelitatis

363 3024 469 3088 acrius
490 3024 723 3104 incanduisset,
744 3039 777 3091 et
800 3027 942 3093 coelestis
967 3026 1089 3091 militiae
1112 3026 1337 3111 manipulares,
1362 3029 1419 3112 qni

363 3146 422 3207 pro
451 3126 658 3190 confessione
688 3126 765 3191 fidei
794 3148 999 3212 nequaquam
1029 3126 1306 3191 sormilodosorum
1331 3150 1418 3192 more

364 3228 557 3291 luctatorum
578 3229 749 3311 palestram
773 3228 955 3292 certaminis
976 3228 1175 3303 horruerunt,
1189 3230 1328 3293 cruentis
1350 3251 1420 3294 car-

362 3330 496 3395 uilicum
521 3330 731 3394 mucronibus
753 3342 955 3407 necarentur,
982 3329 1054 3394 duae
1080 3350 1239 3412 germanae
1266 3330 1418 3413 Virgines

363 3433 519 3496 vocabulo
534 3433 667 3495 Ruffina
685 3443 717 3496 et
732 3431 894 3510 Secunda,
914 3433 1075 3515 generosis
1095 3430 1237 3495 oriunda
1256 3434 1416 3496 natalibus

362 3546 601 3615 persecutorum
615 3535 734 3599 rabiem
749 3534 914 3618 paulisper
929 3534 1128 3598 declinantes
1150 3532 1192 3595 ad
1213 3532 1415 3616 praediolium

363 3655 453 3696 suum
473 3633 507 3697 in
530 3634 662 3698 'I'nsciae
678 3635 820 3718 partibus
835 3636 1000 3698 Basternae
1021 3634 1172 3697 vehiculo
1192 3633 1415 3715 properabant,

362 3736 438 3800 ilico
452 3737 584 3820 sponsis
599 3756 708 3799 aarum
730 3736 939 3819 prodentibus
961 3754 1063 3816 nuper
1084 3733 1126 3795 ad
1146 3732 1314 3814 apostasiae
1330 3734 1415 3796 cloa-

363 3856 443 3915 cam,
469 3838 560 3902 relut
585 3837 717 3899 molossi
743 3835 784 3899 ad
810 3836 965 3897 vomitum
986 3833 1120 3916 relapsis
1143 3830 1318 3895 chiliarcho
1341 3854 1413 3896 cum

360 3938 500 4021 equestri
535 3949 640 4003 turma
673 3937 863 4020 insequente
892 3936 1029 3998 Romam
1065 3932 1272 4011 reducuntur,
1300 3933 1413 4016 putido

361 4040 578 4123 squalentium
601 4040 831 4119 ergastulorum
860 4037 997 4099 latibulo
1024 4032 1258 4116 mancipanda,
1280 4046 1313 4096 ct
1339 4036 1413 4097 sub-

358 4139 525 4203 sannantis
547 4149 732 4220 gannatura
753 4137 928 4203 ludibrium
949 4138 1071 4201 lanua.
1116 4134 1266 4197 Posthac
1281 4135 1414 4199 Ruffina

359 4261 433 4304 cum
447 4239 620 4304 dirissimis
635 4241 800 4303 verberum
815 4239 935 4303 ictibus
951 4257 1036 4301 caesa
1051 4244 1082 4299 et
1097 4235 1233 4298 caerulea
1243 4234 1414 4317 flagrorum

359 4343 464 4407 vibice
486 4351 653 4406 cruentata
672 4341 708 4404 in
730 4349 908 4423 conspectu
929 4337 1065 4402 firrentis
1087 4346 1221 4418 satrapa
1238 4337 1412 4418 vapularet.

358 4442 510 4508 Secunda
532 4451 716 4507 constanter
738 4442 793 4518 ait,
815 4440 944 4524 applica
966 4440 1068 4519 ignes,
1091 4458 1180 4517 saxa,
1203 4438 1338 4520 gladios,
1356 4442 1413 4503 fla-

357 4545 451 4625 gella,
474 4546 576 4608 instes
599 4553 633 4605 et
658 4543 772 4623 virgas,
796 4551 874 4624 quot
902 4551 936 4605 tu
964 4560 1078 4623 poenas
1104 4539 1258 4615 intuleris,
1280 4550 1327 4602 tot
1353 4562 1412 4619 ego

862 4646 915 4704 rt
