3759 5425
470 632 511 688 84
800 646 825 686 s.
841 641 1017 687 annusmm
1034 641 1190 688 uersrota

473 797 632 876 sagacitas
661 795 909 858 animadvertere
940 807 1046 878 queat,
1075 817 1133 878 pro
1171 797 1290 879 quibus
1320 795 1424 860 causis
1453 815 1527 860 mes

474 896 677 960 mediocritas
714 898 834 980 scripta
868 897 1031 972 direxerit,
1060 897 1290 982 compendiose
1327 910 1360 962 et
1387 897 1528 962 breviter

475 1000 662 1062 enucleabo.
721 997 875 1061 Auditum
903 1019 1041 1083 namque
1070 1009 1103 1061 et
1127 998 1260 1063 diversis
1288 1021 1449 1064 rumorum
1476 1021 1525 1063 re-

474 1100 580 1163 lativis
609 1112 807 1181 compertum
836 1098 930 1162 nobis
958 1109 1017 1176 est,
1041 1098 1129 1182 quod
1159 1099 1348 1164 Sacerdotes
1373 1101 1468 1164 vestri
1490 1100 1525 1162 in

476 1201 653 1266 Catholicae
676 1199 752 1263 fidei
773 1201 894 1280 regula,
916 1199 1094 1263 secundum
1118 1200 1290 1284 Scriptura
1316 1212 1526 1285 praeceptum,

474 1303 605 1365 minime
617 1300 824 1378 concordent,
834 1313 867 1364 et
880 1322 938 1384 per
953 1320 1062 1364 eorum
1078 1301 1253 1364 simultates
1268 1314 1300 1365 et
1314 1321 1441 1386 pugnas
1456 1322 1526 1364 ver-

475 1403 600 1477 borum,
615 1403 647 1464 in
664 1401 814 1464 Ecclesia
830 1401 949 1464 Christi
974 1421 1066 1482 grave
1082 1401 1221 1464 schisma
1236 1413 1268 1465 et
1287 1403 1416 1465 crudele
1431 1423 1525 1466 scan-

476 1502 583 1566 dalum
620 1511 779 1575 nascatur,
810 1500 899 1584 quod
928 1501 1170 1586 Psalmographi
1200 1504 1359 1566 sententia
1394 1510 1527 1566 testatur

477 1605 605 1668 dicens:
643 1603 715 1664 Pax
732 1603 832 1664 multa
849 1601 1059 1680 diligentibus
1078 1625 1196 1667 nomen
1218 1617 1319 1683 tuum,
1339 1614 1371 1668 et
1389 1625 1454 1666 non
1477 1613 1528 1668 est

476 1708 511 1768 in
539 1705 605 1767 illis
635 1701 831 1766 scandalum.
876 1703 996 1766 Pacem
1026 1703 1147 1787 quippe
1176 1705 1339 1786 religionis
1363 1705 1418 1787 pia
1448 1725 1526 1768 con·

477 1808 587 1874 cordia
601 1807 742 1889 copulat,
757 1804 839 1868 sicut
858 1804 1022 1867 caritatem
1043 1805 1113 1868 dira
1132 1807 1294 1870 contentio
1317 1807 1527 1870 contaminat.

478 1913 563 1974 Nam
578 1907 618 1972 ad
634 1909 788 1971 unitatem
808 1906 1012 1971 fraternitatis
1034 1919 1126 1970 rectas
1146 1907 1222 1972 fidei
1243 1918 1415 1973 sectatores
1435 1909 1528 1972 Psal-

478 2012 573 2074 mista
586 2012 738 2087 hortatur,
745 2010 910 2092 inquiens:
934 2009 1027 2074 Deus
1041 2011 1096 2094 qui
1112 2011 1255 2075 habitare
1267 2012 1344 2075 facit
1357 2012 1530 2075 rmanimes

477 2111 511 2172 in
538 2108 644 2172 dome.
690 2107 817 2170 Domus
844 2129 918 2170 vero
943 2107 1024 2186 haec,
1045 2109 1222 2172 secundum
1245 2110 1441 2190 allegoriam,
1460 2111 1527 2174 Ec-

477 2210 576 2275 clesia
590 2231 648 2294 per
661 2219 745 2273 totos
763 2207 876 2270 mundi
896 2207 1044 2272 cardines
1065 2207 1182 2273 diffusa
1200 2210 1402 2290 intelligitur.
1446 2213 1528 2276 Hae·

478 2313 568 2377 retici
579 2332 719 2394 namque
730 2319 763 2374 et
777 2310 975 2373 schismatici
984 2312 1025 2374 ab
1037 2311 1197 2375 Ecclesiae
1213 2312 1364 2376 societate
1373 2314 1528 2391 extranei,

477 2437 535 2501 per
564 2414 806 2479 contentionum
836 2423 1033 2494 argumenta,
1056 2414 1088 2476 in
1111 2409 1233 2476 mundo
1263 2414 1469 2496 pullulantes,
1495 2427 1528 2478 et

478 2519 575 2582 veluti
602 2516 763 2581 horrenda
792 2515 991 2578 zizaniorum
1021 2517 1142 2578 semina
1171 2516 1205 2577 in
1231 2513 1337 2578 medio
1365 2516 1529 2580 soecundse

479 2621 596 2704 segetis
611 2631 691 2696 sata,
708 2618 912 2682 Dominicam
927 2637 1064 2680 messem
1078 2617 1250 2680 maculant.
1296 2616 1361 2680 Sed
1376 2617 1527 2701 hujusce-

479 2724 569 2787 modi
583 2722 796 2786 altercationis
817 2720 1023 2805 opprobrium
1044 2719 1230 2804 Apostolica
1250 2721 1427 2803 compescit
1447 2722 1529 2784 buc·

479 2825 560 2888 cina.
606 2822 670 2894 Qui
691 2823 768 2897 vult,
783 2820 898 2903 inquit,
913 2819 1134 2882 contentiosus
1154 2840 1235 2893 esse,
1251 2840 1311 2882 nos
1332 2822 1427 2884 talem
1451 2842 1529 2884 con-

478 2922 679 2988 suetudinem
704 2942 770 2983 non
798 2920 964 2997 habemus,
990 2940 1049 2983 nec
1079 2920 1233 2983 Ecclesia
1259 2921 1334 2999 Dei,
1361 2944 1432 3005 quse
1461 2944 1527 2987 non

477 3025 576 3088 habet
590 3023 747 3086 maculam
760 3033 815 3085 ant
828 3043 949 3103 rugam.
994 3022 1113 3086 Pacem
1127 3043 1276 3106 namque,
1288 3024 1528 3089 catholicorum

479 3136 621 3201 matrem,
636 3134 668 3186 et
688 3122 826 3185 filiorum
845 3123 910 3186 Dei
932 3123 1120 3205 genitricem
1140 3146 1221 3203 esse,
1237 3126 1436 3207 Evangelica
1454 3147 1528 3210 pro·

478 3227 624 3307 mulgent
640 3225 785 3287 oracula:
825 3226 918 3288 Beati
937 3225 1081 3309 pacifici,
1097 3224 1249 3310 quoniam
1270 3226 1327 3289 filii
1351 3227 1414 3289 Dei
1433 3250 1528 3293 voca·

478 3332 606 3394 buntur.
665 3326 764 3391 Unde
794 3326 935 3391 Domino
965 3340 996 3391 et
1025 3330 1190 3394 Salvatore
1219 3340 1326 3391 nostro
1355 3348 1375 3391 a
1404 3350 1529 3394 summo

479 3432 633 3498 coelorum
662 3429 790 3511 fastigio
820 3428 1046 3511 descendente,
1075 3440 1112 3494 ut
1141 3431 1388 3514 chirographum
1418 3442 1528 3514 proto·

478 3535 574 3620 plasti
603 3532 735 3610 deleret,
761 3544 793 3595 et
821 3532 976 3596 mundum
1006 3554 1088 3617 pace
1111 3543 1274 3616 sequestra
1295 3534 1530 3611 reconciliaret,

480 3634 636 3716 Angelica
658 3632 777 3697 cecinit
799 3632 956 3697 melodia:
995 3634 1107 3697 Gloria
1130 3632 1164 3696 in
1182 3632 1322 3696 excelsis
1345 3633 1418 3696 Deo
1442 3644 1474 3696 et
1494 3632 1529 3696 in

480 3747 563 3799 terra
590 3756 657 3817 pax
686 3734 873 3798 hominibus
908 3735 1003 3797 bonae
1033 3736 1214 3798 voluntatis.
1273 3735 1319 3798 Et
1348 3734 1530 3813 Psalmista,

481 3839 562 3915 Fiat,
576 3838 692 3922 inquit,
707 3858 775 3920 pax
797 3838 831 3899 in
847 3839 960 3901 virtute
979 3847 1044 3915 tua,
1059 3850 1092 3901 et
1113 3837 1312 3902 abnndantia
1333 3839 1368 3903 in
1390 3839 1529 3903 turribus

481 3942 555 4005 tuis.
615 3940 767 4023 Denique
796 3961 904 4004 rumor
932 3941 1090 4004 Ecclesia
1120 3940 1197 4004 fidei
1228 3941 1404 4005 contrarius
1432 3942 1529 4023 longe

480 4048 608 4130 lateque
630 4046 822 4129 percrebuit,
845 4043 931 4128 quod
952 4045 1016 4107 sint
1035 4044 1069 4107 in
1091 4045 1258 4129 provincia
1274 4054 1378 4109 restra
1398 4045 1530 4129 quidam

480 4146 662 4211 sacerdotes
687 4155 720 4209 et
745 4145 855 4209 clerici
884 4153 1046 4209 tonsuram
1069 4147 1172 4210 sancti
1194 4146 1281 4210 Petri
1302 4148 1530 4229 Apostolorum

480 4248 641 4329 Principis
665 4247 869 4331 pertinaciter
894 4248 1077 4324 refutantes,
1100 4268 1197 4333 seque
1227 4249 1282 4311 tali
1311 4249 1532 4313 excusationis

482 4351 631 4435 apologia
649 4352 854 4432 pertinaciter
878 4350 1087 4415 defendentes
1108 4353 1228 4429 sinunt,
1252 4351 1339 4435 quod
1364 4360 1532 4415 auctorum

480 4466 513 4516 et
533 4471 763 4536 praecessorum
786 4472 914 4515 suorum
934 4464 1099 4516 tonsuram
1122 4454 1298 4531 imitentur,
1320 4474 1402 4537 qnos
1421 4452 1532 4517 divina
