3759 5425
479 640 542 697 228
754 655 909 703 narsrom
924 658 968 703 lu
983 658 1161 719 acracruu,
1175 658 1246 706 arc.

473 805 529 889 jus
538 805 695 891 ritumque
705 819 826 873 naturae
835 810 1075 894 quodammodo
1085 811 1313 877 dissimulasse.
1328 812 1374 877 Et
1382 814 1533 897 quamvis

480 905 638 971 Catholici
658 910 770 973 Patres
790 912 986 995 spiritualem
1008 934 1189 977 sermonum
1211 913 1386 977 medullam
1399 914 1531 977 enucle-

478 1018 568 1071 antes
573 1008 789 1095 latentemque
801 1011 833 1073 in
845 1012 960 1075 litteris
969 1034 1097 1076 sensum
1107 1023 1341 1097 perscrutantes
1349 1014 1531 1096 allegoricae

478 1106 520 1170 ad
543 1128 715 1191 synagogae
737 1124 850 1195 typum
872 1113 1056 1191 retulerunt,
1083 1114 1268 1178 nullatenus
1289 1122 1397 1178 tamen
1420 1135 1529 1177 sacro-

477 1220 595 1273 sanctae
610 1212 719 1275 matris
740 1233 908 1295 personam
923 1214 1020 1277 fuisse
1044 1214 1196 1278 historica
1211 1213 1367 1277 relatione
1389 1213 1529 1278 inficiari

477 1322 662 1375 noscuntur.
707 1313 791 1377 Haec
812 1312 933 1377 idcirco
956 1314 1054 1377 tantis
1073 1316 1241 1378 verborum
1264 1315 1457 1396 ambagibus
1471 1315 1527 1378 de·

477 1415 702 1495 prompsimus,
717 1426 753 1479 ut
773 1417 897 1500 pristini
913 1418 1116 1481 fraternitatis
1139 1418 1273 1480 affectus
1288 1438 1370 1500 quos
1383 1417 1526 1500 praeteri·

477 1522 580 1575 torum
604 1516 740 1579 evolutis
762 1536 917 1579 annorum
939 1517 1070 1581 circulis
1094 1518 1284 1581 conciliasse
1307 1526 1341 1581 et
1354 1519 1523 1601 copulasse

477 1611 704 1694 dignoscimur,
726 1617 845 1680 recenti
868 1617 1109 1701 quodammodo
1130 1618 1285 1681 memoria
1299 1628 1525 1702 recuperentur

475 1722 510 1776 et
537 1716 743 1794 recalescant,
772 1739 812 1779 ne
842 1731 966 1783 rotante
988 1719 1109 1803 prolixi
1137 1718 1290 1803 temporis
1316 1717 1523 1783 diuturnitate

475 1828 658 1901 torpescant
679 1829 734 1883 aut
758 1820 856 1903 longa
876 1821 1021 1884 locorum
1042 1818 1282 1903 intercapedine
1308 1820 1521 1900 refrigescant

474 1920 558 1981 Vere
589 1919 674 1981 enim
706 1918 895 2004 indisruptae
926 1921 1068 1985 caritatis
1092 1922 1256 1985 vinculum
1279 1942 1340 1984 nec
1365 1943 1521 1984 annorum

473 2017 700 2083 numerositate
726 2022 894 2085 marcescit
921 2043 983 2085 nec
1010 2022 1151 2106 spatioso
1180 2032 1333 2084 terrarum
1356 2021 1522 2086 intervallo

472 2118 625 2183 tabescit:
649 2120 729 2203 quin
740 2123 848 2205 potius
856 2122 1010 2207 perfectae
1025 2123 1164 2186 caritatis
1175 2120 1352 2205 praecordia
1360 2120 1521 2186 interdum

472 2221 547 2304 plus
562 2220 707 2284 absentia
720 2222 933 2304 pulsatquam
943 2223 1114 2305 prasentia
1123 2231 1244 2306 pascat.
1282 2222 1374 2285 Sicut
1383 2222 1522 2286 famosus

472 2321 647 2405 spiritualis
661 2322 816 2405 palaestrae
837 2323 1031 2403 agonotheta
1054 2343 1117 2406 qus
1131 2334 1289 2387 certantes
1303 2323 1439 2386 caelestis
1452 2323 1521 2406 pnl-

473 2442 533 2483 mre
546 2420 692 2484 bravium
706 2422 885 2505 percepturi
901 2432 986 2500 sunt,
1001 2422 1167 2485 affabiliter
1181 2421 1324 2497 dicebat3
1347 2423 1394 2484 Et
1407 2422 1435 2485 si
1450 2443 1519 2485 cor-

470 2542 548 2606 pore
563 2522 680 2585 absens
695 2543 776 2601 sum,
791 2521 848 2585 sed
863 2522 977 2605 spiritu
992 2544 1143 2607 praesens.
1174 2523 1251 2586 Non
1265 2544 1342 2603 ergo
1357 2523 1519 2587 obolenda

471 2635 503 2687 et
516 2623 607 2706 parvi
623 2623 795 2706 pendenda
817 2634 865 2687 est
884 2624 956 2687 haec
978 2623 1101 2687 dextris
1124 2625 1249 2687 firmata
1270 2625 1419 2702 affinitas,
1440 2623 1518 2686 dum

470 2723 645 2807 praedictus
660 2723 849 2807 praedicator
871 2724 981 2787 sibiet
1002 2725 1160 2787 Barnabae
1182 2725 1393 2788 inconcussas
1414 2724 1518 2788 eccle·

470 2824 589 2887 siarum
603 2824 780 2901 columnas,
794 2824 858 2887 hoc
874 2835 923 2888 est
937 2825 1067 2887 Petrum
1084 2835 1118 2889 et
1130 2825 1152 2888 J
1153 2827 1291 2889 acobum
1305 2827 1516 2905 etJoannem,

470 2921 600 2985 dexuas
617 2919 778 2985 dedidisse
793 2921 999 3006 tripudiando
1013 2923 1136 2987 referat.

513 3022 599 3084 Heia
619 3021 879 3104 prestantissima
902 3032 934 3086 et
956 3024 1172 3088 amantissime
1187 3023 1235 3087 fili
1255 3025 1311 3100 mi,
1326 3026 1441 3108 priscae
1455 3026 1517 3088 fra·

469 3120 626 3186 temitatis
635 3120 995 3187 memorinextricabilis
1005 3145 1087 3186 verre
1095 3123 1275 3188 dilectionis
1283 3125 1420 3205 ligatura
1428 3134 1517 3187 tanto

468 3221 608 3285 strictius
624 3232 657 3310 ct
671 3221 802 3286 enixius
817 3243 875 3305 per
895 3223 1067 3287 succiduas
1087 3224 1277 3288 saeculorum
1292 3236 1401 3288 aetates
1415 3224 1517 3287 indis·

466 3323 568 3407 ruptis
589 3322 727 3386 restibus
749 3323 930 3406 ‘reliquum
953 3321 1090 3386 nodetur
1109 3324 1143 3386 in
1166 3326 1288 3403 aevum,'
1303 3335 1424 3409 quanto
1438 3345 1515 3390 con·

468 3435 530 3491 stat
561 3425 649 3510 quod
679 3421 805 3488 iisdem*
825 3435 1044 3490 concatenata
1074 3425 1256 3491 dilectionis
1290 3427 1398 3492 viscus
1425 3449 1516 3492 sacro

466 3537 498 3591 et
526 3527 703 3612 septiformi
734 3527 956 3611 mysteriorum
981 3547 1114 3590 numero
1140 3527 1330 3610 glutinosius
1355 3529 1513 3593 lentescit.

466 3629 568 3711 Igitur
582 3628 641 3692 hac
659 3629 901 3712 prefatiuncula
915 3627 1127 3693 venerandam
1141 3629 1364 3693 celsitudinem
1378 3643 1515 3695 vestram

466 3729 633 3793 affabiliter
647 3731 814 3814 alloquens
837 3730 1036 3811 aliquantula
1050 3741 1219 3793 metrorum
1241 3733 1442 3809 munuscula,
1457 3732 1514 3795 do-

465 3831 606 3894 mesticae
630 3829 849 3894 familiaritatis
872 3829 995 3893 fiducia
1024 3831 1132 3909 fretus,
1157 3830 1314 3915 subjunxi
1338 3832 1514 3915 praesertim

465 3943 606 3994 veterum
622 3931 806 3994 auctoritate
828 3939 1019 4014 provocatus
1034 3929 1076 3992 de
1096 3929 1228 3992 dirersis
1249 3951 1354 3992 rerum
1378 3931 1512 4014 qualita-

464 4035 550 4098 tibus
565 4033 661 4097 modo
677 4032 857 4096 coelestium
868 4031 966 4095 modo
978 4032 1171 4095 terrestrium
1182 4032 1385 4094 materiarum
1399 4041 1515 4095 nactus

464 4155 551 4197 nunc
574 4132 726 4215 grandem
748 4153 835 4196 nune
858 4132 1010 4214 gracilem
1033 4143 1247 4196 creaturarum
1269 4143 1413 4196 naturam
1435 4151 1512 4194 con·

464 4234 610 4298 sidereus
625 4233 758 4298 strictim
774 4233 1019 4317 summatimque
1035 4231 1197 4296 defloravi.

508 4337 593 4397 Nam
616 4335 816 4418 Symposius,
831 4345 926 4417 poeta
948 4333 1124 4413 versificus,
1143 4336 1282 4400 metrica·
1302 4333 1380 4398 artis
1398 4334 1514 4418 peritia

463 4434 627 4522 preditus,
644 4437 787 4499 occultas
803 4435 1008 4516 aenigmatum
1024 4435 1270 4518 propositiones,
1290 4434 1369 4499 exili
1382 4433 1513 4499 materia
