3759 5425
499 705 653 752 snonrur
670 706 824 753 nrrsrous
839 709 884 753 su
898 707 1054 754 sosonasr
1069 705 1233 753 suenrus
1240 706 1277 752 u.
1350 693 1412 754 lot

361 857 663 940 peritiam,Domini
675 861 774 924 nostri
786 861 928 925 omnium
940 861 1108 942 generalis,
1117 859 1246 945 meique
1256 860 1413 944 specialis,

360 958 510 1022 Prresulis
544 959 718 1023 venerandi
743 959 905 1026 Bonifacii
933 963 992 1027 sub
1019 961 1203 1043 magisterio
1225 961 1414 1040 didiceram,

360 1079 427 1142 quo
441 1060 532 1139 mibi,
546 1074 620 1144 post
633 1062 879 1126 illuminatorem
903 1064 1078 1140 coelestem,
1093 1062 1147 1126 cui
1166 1073 1289 1126 secreta
1307 1061 1414 1127 cordis

359 1171 482 1244 putem,
496 1173 529 1225 et
543 1183 640 1246 quem
650 1164 778 1227 occulta
788 1172 821 1227 et
832 1161 942 1226 abdita
952 1184 1019 1226 non
1029 1164 1143 1239 latent,
1153 1162 1272 1226 mentis
1282 1162 1413 1228 obtutus

361 1261 515 1344 aperitur,
544 1274 576 1325 et
606 1261 696 1326 arida
724 1274 857 1347 pectora
885 1285 958 1326 mea
986 1264 1088 1326 imbre
1117 1264 1247 1346 superni
1274 1264 1414 1328 nectaris

362 1361 505 1446 quotidie
520 1365 643 1428 calesti
665 1365 843 1447 irrigantur.
887 1365 962 1427 Hos
983 1383 1123 1448 namque
1145 1384 1265 1442 versus,
1281 1363 1409 1448 jocistae

361 1484 460 1540 more,
483 1473 653 1528 caraxatos
674 1465 851 1548 reperietis,
867 1465 894 1527 si
917 1463 1089 1546 diligenter
1108 1484 1174 1527 non
1198 1463 1414 1548 dedignemini

361 1563 523 1625 literarum
552 1565 742 1648 perscrutari
772 1564 890 1648 capita,
911 1564 976 1628 boe
1006 1574 1057 1628 est
1077 1563 1240 1649 quaternis
1269 1565 1414 1629 versibus

362 1673 495 1728 ceteros
508 1663 544 1726 in
559 1664 664 1728 medio
687 1666 812 1748 positos
826 1666 915 1728 velut
936 1665 1060 1728 ambitu
1081 1663 1222 1750 quodam
1244 1665 1414 1745 cingentes

360 1763 445 1826 illos.
491 1763 549 1843 Hi,
564 1785 646 1848 quos
659 1775 715 1828 tuo
730 1765 861 1828 nomine
874 1765 1004 1850 proprie
1022 1767 1225 1849 pretitulavi,
1241 1787 1301 1830 ceu
1317 1766 1412 1851 spiri·

362 1864 458 1928 tualis
480 1867 598 1942 matris,
620 1889 641 1930 a
662 1868 826 1951 principio
847 1867 1009 1952 incipiunt
1037 1869 1223 1946 regulariter
1249 1867 1290 1931 ad
1313 1866 1412 1931 finem

360 1985 465 2048 usque
485 1966 697 2032 decurrentes.
743 1969 923 2053 Discipulae
938 1989 1014 2032 vero
1037 1989 1118 2031 mere
1133 1990 1154 2032 a
1172 1970 1262 2034 calce
1283 1979 1411 2032 tuorum

360 2069 600 2146 inchoant,ncn
610 2070 835 2155 inopportune,
854 2073 929 2156 quia
944 2071 1104 2155 discipula
1117 2073 1313 2155 magistram,
1328 2071 1413 2136 sicut

361 2170 480 2234 ancilla
497 2171 668 2236 Dominam
683 2194 775 2237 susm
790 2175 882 2257 sequi
898 2172 1026 2238 debeat.

404 2269 488 2335 Esto
501 2313 636 2336 ......
652 2293 774 2337 memor
789 2274 923 2337 Domini
931 2275 1096 2357 regnantis
1106 2276 1140 2338 in
1149 2275 1219 2338 tede
1230 2276 1276 2339 ita
1287 2273 1328 2339 de
1339 2274 1407 2339 fide

361 2372 526 2439 inchoant.
542 2416 682 2440 ......
698 2379 849 2441 celorum
861 2378 894 2440 in
914 2398 998 2442 arce.
1045 2380 1080 2443 Si
1102 2378 1182 2464 quid
1204 2389 1311 2444 autem
1334 2381 1412 2444 huic

362 2476 452 2558 operi
477 2476 610 2541 minime
641 2499 818 2560 congruum
847 2488 1042 2564 tersumque,
1067 2491 1099 2542 et
1127 2491 1240 2543 contra
1269 2480 1412 2561 regulam

361 2577 588 2642 Grammaticus
618 2580 694 2643 artis
723 2579 876 2644 insertum
897 2580 1078 2659 invenietis,
1099 2581 1161 2644 boc
1182 2581 1283 2664 polire
1304 2583 1413 2645 runci·

361 2681 483 2761 nando,
492 2691 621 2767 sumpte.
634 2685 711 2747 lima
722 2705 764 2748 ex
777 2685 908 2749 officina
920 2684 1220 2761 Grammaticomm,
1229 2684 1412 2749 reminisce-

361 2786 450 2849 mini.
495 2786 582 2850 Illud
611 2788 708 2851 etiam
738 2789 876 2851 subnixa
906 2808 1003 2871 prece
1027 2786 1147 2868 flagito,
1173 2795 1210 2850 ut
1237 2806 1296 2869 per
1322 2787 1411 2852 illam

360 2884 659 2951 immarcescibilem
684 2888 858 2971 spiritualis
887 2888 1035 2952 amicitiae
1065 2885 1346 2966 necessitudinem,
1374 2898 1413 2952 ut

362 2990 483 3053 nemini
499 2989 561 3054 boc
584 3012 667 3073 opus
689 2990 865 3054 ostendatis
888 2991 957 3054 sine
980 3011 1052 3054 meo
1067 3008 1239 3062 consensu,
1262 2999 1295 3051 et
1315 2986 1413 3073 hujus

362 3090 469 3174 operis
483 3110 652 3173 personam
667 3090 810 3173 prodatis
825 3091 948 3174 absque
962 3090 1093 3155 licentia
1108 3110 1189 3167 mea,
1202 3109 1243 3151 ne
1257 3087 1334 3152 inde
1344 3088 1414 3153 dira

362 3212 455 3273 seges
469 3189 599 3254 invidiae
615 3200 746 3269 crescat,
762 3191 848 3255 unde
861 3213 944 3256 verae
959 3191 1050 3275 pacis
1065 3189 1240 3255 concordia
1254 3190 1414 3273 pullulare

363 3290 485 3367 debuit,
500 3290 557 3353 sed
572 3292 681 3375 potius
695 3292 783 3375 pacti
799 3289 938 3371 loederis,
953 3291 1238 3375 germanitatisque
1252 3290 1412 3375 copulatae

362 3388 600 3475 vicissim'apud
610 3413 670 3455 nos
680 3392 861 3456 firmissima
870 3394 1044 3476 sponsione
1053 3392 1247 3464 dextramm,
1257 3410 1414 3453 memores

362 3493 545 3575 perenniter
552 3503 666 3572 estote,
674 3494 926 3579 meiquelaboris
933 3492 1226 3577 sudoripurissimis
1235 3493 1413 3555 orationum

362 3604 535 3657 vestrarum
549 3594 735 3676 precatibus
748 3594 864 3671 farere,
879 3593 1067 3677 suppliciter
1079 3611 1191 3676 posco,
1205 3589 1392 3671 dignemini.

407 3695 483 3756 Asc.
499 3693 584 3756 berc.
602 3715 674 3757 can.
690 3694 781 3757 dour.
798 3693 871 3757 ehu.
889 3693 1098 3778 feli.gip.l1a.
1114 3692 1176 3774 gal.
1187 3691 1226 3754 is.
1243 3688 1311 3753 lter.
1325 3692 1413 3771 lagu.

363 3813 449 3857 man.
465 3804 529 3857 not.
545 3815 591 3857 os.
607 3804 687 3877 pert.
704 3793 828 3877 quirun.
844 3803 900 3857 rat.
917 3794 1023 3874 suigil.
1040 3805 1100 3856 tac.
1116 3812 1163 3854 ur.
1178 3790 1233 3855 ilc.
1246 3790 1311 3854 ian.
1327 3809 1391 3853 aar.

540 3896 572 3958 R
586 3896 619 3958 R
632 3896 673 3958 R.
718 3896 792 3957 Rex
807 3894 1026 3958 Romanorum
1040 3893 1129 3957 Ruit.

538 3996 567 4059 P
580 3996 609 4059 P
623 3996 660 4059 P.
715 3995 810 4058 Pater
825 3994 939 4058 Patriae
956 3996 1122 4059 Profectus
1137 4003 1197 4057 est.

539 4097 566 4160 F
582 4098 608 4159 F
624 4096 660 4159 F.
717 4096 814 4158 Ferro
830 4095 960 4176 Frigore
974 4095 1084 4158 Fame.

537 4198 575 4260 M
588 4197 624 4259 M
637 4198 685 4259 M.
716 4194 876 4259 Monitum
893 4196 1142 4259 Monumentum
1156 4196 1306 4258 Mortuus
1321 4205 1380 4257 est.

540 4300 567 4360 V
584 4298 612 4359 V
628 4299 668 4359 V.
718 4297 830 4359 Victor
845 4295 960 4358 Vitalis
974 4294 1102 4358 Veniet.

538 4402 566 4463 A
583 4402 612 4463 A
628 4403 665 4463 A.
720 4401 841 4462 Aurum
859 4400 885 4459 A
903 4397 998 4460 nobis
1013 4396 1131 4460 Aufert.

366 4506 483 4569 Lectm
497 4525 604 4569 casses
620 4503 808 4569 Catholicae.
901 4502 1007 4585 Atque
1023 4501 1118 4565 obses
1132 4502 1296 4579 athletice,
