3759 5425
472 659 531 719 tot
629 674 783 720 auourur
800 675 960 721 aarsroaa
976 677 1021 722 an
1037 675 1191 721 soaoaarr
1208 677 1407 723 auouruau.

461 834 537 888 tuuc
552 827 769 905 reminiscens,
783 849 846 892 uua
861 849 934 890 cum
955 829 1054 891 totius
1066 830 1315 915 propinquitatis
1337 851 1419 894 mere
1434 850 1512 912 pro·

459 925 631 1008 pemodum
654 940 788 1008 caterva,
804 929 934 992 Christo
956 930 1091 1009 favente,
1108 932 1259 995 ferventis
1281 933 1510 1014 ingruentibus

460 1028 569 1108 pelagi
595 1030 732 1093 molibus
754 1041 964 1106 transvectus,
987 1031 1029 1094 ad
1051 1031 1147 1116 hujus
1168 1032 1307 1116 regionis
1327 1033 1508 1114 marginem

462 1129 658 1210 applicuisse
675 1133 847 1213 gratulans,
863 1144 1007 1196 votorum
1019 1153 1154 1215 compos
1167 1133 1383 1216 tripudiabam
1392 1156 1402 1210 3
1424 1132 1514 1195 timi,

460 1229 622 1314 nibusque
636 1233 799 1296 beatorum
815 1235 1054 1316 Apostolorum,
1069 1234 1221 1296 orationis
1235 1255 1342 1311 causa,
1357 1232 1512 1297 demendi

461 1329 630 1397 innumera
664 1336 863 1418 piaculorum
900 1356 1045 1398 meomm
1079 1334 1232 1418 pondera,
1260 1335 1426 1418 pergendo
1455 1357 1510 1399 me

461 1435 644 1514 satagebam
688 1448 890 1520 presentare,
924 1437 1037 1518 ibique
1069 1439 1196 1500 cunctis
1230 1437 1392 1499 affinitatis
1426 1458 1510 1501 meae

460 1536 650 1618 propinquis
684 1539 914 1623 propemodum
951 1539 1050 1618 longo
1079 1536 1198 1620 quietis
1232 1557 1344 1599 somno
1379 1537 1510 1622 sopitis,

461 1636 549 1700 solus
567 1638 601 1701 in
624 1640 719 1724 hujus
740 1642 832 1704 exilii
853 1640 1033 1704 calamitate
1053 1638 1195 1716 orbatus,
1218 1637 1261 1715 (et
1282 1639 1394 1718 merui)
1418 1638 1508 1701 haud

462 1753 554 1799 secus
569 1737 745 1803 dicendum
756 1741 834 1803 mibi
844 1751 903 1818 est,
915 1762 1012 1824 quam
1028 1739 1125 1803 tristis
1138 1761 1335 1823 moerensque
1350 1740 1506 1803 remansi:

460 1855 526 1897 non
556 1848 662 1904 tamen
697 1842 917 1905 incolumitate
946 1843 1091 1925 corporis
1125 1839 1273 1923 pristina,
1301 1841 1508 1925 robustisque

461 1942 671 2005 membrorum
688 1945 819 2006 artubus
841 1941 939 2027 hujus
960 1945 1061 2025 pestis
1083 1942 1299 2007 valetudinem
1317 1941 1422 2005 evasi:
1446 1941 1505 2005 sed

462 2039 573 2122 (gratia
587 2053 620 2105 et
634 2044 704 2106 laus
719 2044 773 2127 pio
796 2043 996 2124 flagellatori)
1011 2044 1161 2107 omnibus
1181 2044 1395 2105 membrorum
1418 2063 1505 2106 com-

463 2143 633 2222 paginibus
656 2145 814 2225 quassatis
836 2155 868 2206 et
889 2145 1044 2222 contritis,
1057 2145 1212 2208 anhelans
1232 2143 1383 2225 fatigatus
1403 2156 1505 2208 resto:

461 2246 548 2330 quod
563 2248 643 2310 mihi
663 2267 721 2330 per
734 2268 826 2310 usum
842 2257 874 2309 et
895 2267 1014 2309 novum
1029 2257 1063 2309 et
1083 2257 1176 2308 vetus
1191 2257 1251 2320 est,
1272 2245 1395 2307 nullam
1415 2265 1505 2327 repe-

459 2349 538 2410 risse
552 2369 604 2411 me
619 2349 690 2412 istic
706 2348 921 2411 habitantium
941 2347 1101 2410 foeminini
1119 2367 1219 2409 sexus
1238 2366 1409 2428 personam
1425 2345 1504 2409 fide·

459 2450 582 2525 liorem,
608 2449 641 2510 iu
671 2449 821 2510 omuibus
842 2469 909 2510 non
931 2447 1126 2511 adulationis
1151 2467 1260 2523 causa,
1282 2446 1341 2510 sed
1361 2447 1504 2511 veritatis

459 2549 608 2612 firmitate
636 2559 830 2626 contestans,
855 2546 932 2612 dum
959 2569 1011 2611 me
1037 2545 1210 2611 admodum
1235 2557 1310 2610 ante
1332 2549 1505 2633 quinquies

460 2650 559 2735 quina
587 2650 746 2715 meusium
774 2649 937 2713 volumina
965 2657 1033 2713 toto
1064 2660 1216 2713 vexatum
1246 2669 1378 2732 corpore
1406 2649 1505 2714 febris

458 2752 582 2815 anhele
612 2752 711 2835 frigus
741 2760 773 2814 ot
807 2752 894 2815 calor
928 2750 1156 2833 decoquerent,
1187 2748 1328 2832 benigna
1362 2749 1504 2815 caritatis

456 2852 654 2925 humanitate
670 2852 800 2914 memini
816 2860 1011 2933 susceptum,
1025 2850 1114 2934 quod
1127 2851 1238 2935 utique
1247 2850 1346 2935 juxta
1358 2871 1502 2935 praecep·

456 2965 524 3019 tum
541 2953 680 3031 Domini,
697 2963 775 3015 tunc
787 2974 844 3016 vos
853 2953 981 3016 infirmo
993 2965 1177 3037 aegrotoque
1185 2974 1252 3016 non
1263 2954 1376 3037 ignoro
1385 2954 1503 3035 egisse,

457 3060 500 3122 ob
516 3066 643 3121 aetemae
658 3055 875 3119 retributionis
887 3055 1084 3121 mercedem:
1108 3055 1242 3121 eandem
1254 3055 1503 3139 quoquehacte·

457 3180 519 3223 nus
533 3176 646 3240 parum
668 3157 769 3239 pigrae
792 3155 996 3220 fraternitatis
1018 3160 1151 3221 affectus
1171 3156 1379 3221 dilectionem
1401 3158 1504 3222 divini

458 3257 575 3325 amoris
589 3258 723 3320 obtentu
742 3258 941 3340 complentes
963 3259 1130 3321 observare
1149 3258 1377 3339 dignoscimini
1432 3260 1506 3331 Qua

460 3364 500 3427 de
515 3381 550 3423 re
574 3356 736 3421 scribendi
758 3357 849 3420 vobis
870 3357 1047 3434 materiam,
1068 3378 1271 3443 nequaquam
1292 3358 1502 3441 incongmam

457 3471 582 3534 nactus,
616 3478 681 3548 qua
714 3458 883 3525 amabilem
914 3468 1025 3522 vestrae
1060 3457 1278 3538 germanitatis
1306 3458 1504 3541 spiritualem

458 3561 725 3630 necessitudinem
756 3558 940 3623 caraxando
967 3562 1156 3644 alloquerer,
1180 3581 1254 3623 eum
1276 3582 1327 3624 me
1358 3560 1505 3625 Christus

458 3669 616 3732 bonorum
650 3669 837 3726 cunctorum
871 3661 1011 3743 largitor,
1039 3668 1202 3743 praeeuuta
1233 3662 1406 3727 clementia
1437 3686 1504 3742 sua,

458 3766 650 3831 discentium
679 3764 800 3827 caelesti
829 3764 938 3845 gratia
975 3784 1042 3830 suae
1075 3783 1144 3826 rore
1180 3762 1414 3846 aliquantulum
1448 3784 1505 3847 per

357 3906 360 3912 ·
458 3890 552 3933 sunm
566 3865 755 3949 participem
777 3864 924 3927 efficeret.
970 3862 1050 3928 Ideo
1067 3863 1159 3925 robis
1180 3861 1314 3945 dirigere
1329 3863 1504 3928 versiculos

457 3969 589 4035 metrica
603 3967 722 4030 ratione
739 3966 936 4050 compositos
952 3964 1123 4029 diutinum
1135 3976 1242 4028 mente
1254 3966 1354 4040 tenui,
1364 3974 1396 4029 et
1406 3964 1503 4030 corde

457 4072 551 4137 simul
567 4070 664 4133 dulce
685 4069 794 4145 habui,
818 4069 1014 4152 quianullus
1035 4068 1210 4148 legentium
1230 4068 1320 4144 novi,
1335 4068 1452 4151 quibus
1466 4070 1504 4133 li·

455 4173 583 4237 bentius
605 4171 773 4247 mitterem,
787 4170 844 4232 ubi
865 4190 923 4252 pro
946 4180 1032 4232 certo
1048 4169 1116 4233 scio
1136 4170 1258 4233 nullam
1281 4168 1358 4233 dirae
1383 4170 1502 4235 fraudis

456 4272 673 4354 suspicionem
701 4280 841 4334 mentem
857 4269 1045 4334 destinantis
1067 4270 1223 4348 mordere,
1244 4294 1306 4336 uec
1329 4272 1502 4335 dictantem

455 4371 561 4435 hostili
578 4370 807 4455 vituperatione
818 4373 969 4449 lacerare,
984 4372 1063 4436 licet
1077 4374 1189 4437 vitiosa
1199 4374 1316 4456 pagina
1326 4376 1502 4458 scabraque

454 4470 608 4539 schedula
638 4472 817 4553 reperiatur.
865 4472 962 4535 Hauc
992 4474 1101 4557 itaque
1132 4495 1233 4557 nuper
1261 4475 1403 4540 metricat
1425 4476 1503 4539 artis
