3759 5425
594 791 671 837 VITA
685 792 863 839 nubuntur
878 792 1010 838 reaturo
1026 790 1186 837 AUCTORE.
1348 777 1408 837 361

363 942 480 1005 solidae
503 944 646 1007 materiei
663 956 892 1009 sustentaretur
911 945 1128 1009 adminiculo:
1160 946 1230 1008 haec
1252 954 1357 1009 autem
1380 944 1414 1007 in

367 1042 576 1107 Melduuensi
599 1044 756 1109 hacteuus
786 1047 921 1110 babetur
944 1047 1093 1123 eeclesia,
1114 1048 1147 1108 in
1172 1046 1361 1120 sanctitatis,
1384 1054 1420 1107 ut

368 1143 473 1223 decet,
504 1168 619 1227 magna
656 1148 843 1221 reverentia,
874 1149 904 1210 Ο
935 1170 1007 1211 vere
1043 1168 1162 1212 novum
1200 1148 1307 1228 magni
1336 1146 1419 1208 Eliae

368 1245 574 1330 prodigium!
613 1250 721 1325 Illum,
745 1248 905 1333 discipulo
926 1260 1087 1325 cernente,
1109 1249 1150 1312 ad
1171 1248 1288 1312 eoelum
1311 1266 1421 1309 currus

367 1349 491 1411 levavit
510 1350 641 1431 igneus;
675 1351 762 1427 huic,
777 1353 885 1413 multis
905 1352 1106 1428 mirantibus,
1122 1352 1154 1413 iu
1170 1352 1319 1414 Romana
1341 1349 1419 1411 urbe

368 1451 449 1513 solis
479 1452 609 1515 servivit
637 1452 768 1527 radius;
805 1454 860 1516 illc
889 1454 922 1516 in
961 1463 1081 1517 remota
1110 1453 1184 1517 coeli
1214 1464 1302 1536 parte
1334 1452 1419 1513 claro

369 1549 524 1615 derectus
538 1565 587 1615 est
599 1553 739 1630 lumine;
761 1554 852 1617 istius
866 1555 1053 1619 indumenta
1068 1554 1251 1619 Sacerdotis
1266 1554 1300 1616 in
1323 1551 1422 1615 simili

370 1651 554 1735 pependere
575 1655 744 1719 elemento.
789 1655 854 1718 Sed
876 1657 960 1719 absit
979 1668 1013 1719 ut
1032 1656 1127 1719 istum
1153 1666 1264 1719 sancto
1280 1655 1421 1737 aequipa-

370 1774 478 1817 remus
499 1756 600 1832 Eliae3
631 1758 685 1819 ille
708 1757 793 1819 enirn
815 1758 974 1841 propheta
996 1758 1189 1838 magnificus
1211 1755 1316 1819 adhuc
1335 1754 1423 1831 vivit,

371 1875 437 1937 quo
453 1867 563 1918 contra
579 1856 679 1919 filiurn
695 1857 873 1938 iniquitatis
894 1856 1036 1934 dimicet,
1053 1858 1130 1941 quin
1147 1858 1241 1919 etiam
1258 1852 1423 1918 moriendo

371 1970 407 2021 et
443 1958 637 2040 resurgendo
675 1961 817 2024 divinum
848 1963 1013 2045 praecedat
1042 1962 1227 2045 judicium
1266 1962 1318 2024 hic
1349 1980 1423 2023 vero

372 2072 503 2123 sanctus
518 2061 700 2140 consessor,
716 2062 756 2125 de
777 2077 930 2147 percepto
953 2066 1086 2148 praemio
1110 2076 1183 2128 ante
1207 2064 1270 2127 Dei
1285 2062 1424 2126 tribuual

372 2173 464 2225 extat
484 2163 676 2241 laetissimus,
700 2165 753 2227 nbi
776 2186 835 2228 sua
863 2167 982 2248 pietate
1004 2166 1183 2230 intercedat
1212 2186 1269 2249 pro
1299 2165 1425 2228 cunctis

373 2264 547 2327 fidelibus:
581 2278 798 2343 veruntamen,
820 2288 1005 2351 quanquam
1033 2268 1154 2351 dispari
1177 2268 1300 2343 merito,
1322 2266 1349 2328 si
1377 2266 1425 2327 sas

374 2378 424 2429 cst
439 2364 547 2429 dicere
562 2387 683 2443 verum,
698 2370 793 2430 ambo
808 2368 901 2431 valde
916 2370 1067 2451 placuere
1084 2369 1165 2430 Deo.

419 2468 499 2530 Post
526 2468 596 2531 haec
633 2480 748 2531 sancto
778 2470 843 2531 viro
873 2469 961 2552 apud
990 2468 1180 2553 praedictum
1209 2468 1331 2551 Papam
1368 2464 1425 2528 diu

375 2581 531 2645 morante,
554 2569 663 2632 divino
685 2571 848 2653 ingerente
873 2571 1005 2653 Spiritu,
1028 2579 1158 2649 regatus
1181 2578 1231 2631 est
1252 2568 1293 2630 ab
1317 2587 1368 2640 ee,
1391 2576 1427 2629 ut

374 2670 536 2756 quendam
552 2672 731 2756 baptizaret
745 2693 899 2756 puerum;
934 2671 975 2735 de
990 2669 1082 2754 cujus
1100 2668 1211 2754 utique
1226 2668 1369 2751 genitore
1389 2665 1426 2730 in

374 2776 497 2858 populo
519 2776 642 2858 absque
664 2774 834 2838 evidentiae
857 2795 955 2838 causa
985 2774 1063 2837 satis
1093 2771 1245 2835 dubium:
1282 2771 1368 2853 quia,
1391 2778 1427 2831 ut

377 2876 477 2938 moris
501 2888 551 2938 est
572 2877 636 2938 lere
659 2877 802 2938 omnium
820 2875 976 2958 gentium,
997 2875 1091 2957 plebs
1116 2871 1317 2954 rumigerula,
1338 2870 1427 2933 hunc

379 2977 530 3056 genuisse
546 2977 765 3060 Apostolicum
782 2977 970 3040 estimabat.
1017 2975 1113 3038 Falso
1129 2973 1217 3037 enim
1232 2992 1312 3054 gens
1326 2971 1427 3035 inscia

378 3079 441 3140 hoc
462 3077 503 3140 dc
522 3089 612 3141 tante
628 3079 779 3140 Antistite
802 3078 1005 3159 opinabatur,
1021 3076 1096 3161 quia
1116 3095 1174 3158 per
1189 3075 1261 3138 vitae
1282 3073 1428 3137 meritum

377 3185 411 3248 in
435 3183 575 3265 registris
597 3183 663 3246 suis
692 3183 828 3266 aliisque
852 3183 1025 3265 Scriptura
1054 3183 1136 3245 locis
1157 3181 1204 3244 vir
1226 3179 1430 3264 Apostolicus

380 3286 567 3348 declaratur.
613 3285 716 3369 Cujus
735 3284 835 3366 patris
852 3284 1069 3346 voluntatibus
1087 3283 1225 3346 Sanctus
1240 3281 1430 3344 Aldhelmus

380 3385 618 3461 obsecundans,
641 3406 750 3469 puero,
771 3406 838 3448 non
862 3385 923 3447 nisi
946 3404 1059 3446 novem
1083 3381 1203 3444 diamur
1223 3381 1373 3462 spatium,
1394 3389 1432 3442 ut

380 3488 575 3573 perhibetur,
593 3497 731 3567 gerente,
746 3485 889 3549 fidelium
912 3505 1000 3547 more
1016 3484 1049 3544 in
1066 3481 1204 3544 eeclesia
1220 3481 1431 3552 catechizate,

381 3611 488 3654 coram
512 3587 713 3650 adstantibus
735 3587 836 3649 turbis
858 3585 1014 3670 praecepit
1039 3583 1175 3658 edicere,
1198 3582 1223 3644 si
1249 3591 1339 3664 pater
1364 3581 1433 3666 ejus

382 3701 468 3754 esset
495 3691 524 3752 is
553 3689 609 3772 qui
638 3688 733 3770 vulgo
765 3688 940 3751 dicebatur.
986 3684 1079 3748 Illico
1109 3683 1223 3760 infans,
1250 3699 1433 3765 quanquam

382 3792 516 3854 nimiam
545 3791 709 3874 parvulus,
738 3789 867 3852 remotis
904 3799 1015 3850 contra
1045 3796 1190 3849 naturam
1219 3784 1338 3864 linguae
1375 3784 1433 3845 ob·

384 3893 606 3968 strusionibns,
628 3891 704 3953 fecit
723 3889 811 3973 qnod
831 3889 942 3952 Abbas
964 3888 1018 3950 ille
1037 3887 1178 3970 jusserat
1204 3883 1432 3948 sanctissimus.

385 3993 565 4057 Locutioue
588 3992 674 4054 cuim
695 3991 755 4052 sibi
780 3990 933 4052 divinitus
957 3988 1042 4064 data,
1065 3987 1207 4070 satisque
1231 3985 1434 4067 intelligibili,

385 4094 527 4159 ostendit
545 4094 698 4157 omnibus
717 4112 781 4155 non
799 4113 833 4154 se
849 4113 919 4153 esse
943 4090 1086 4172 genitum
1107 4090 1195 4153 illius
1215 4108 1322 4170 opere,
1338 4107 1434 4170 quem

387 4219 488 4260 vanas
509 4196 541 4257 in
564 4195 625 4258 hoc
650 4194 807 4257 referebat
828 4193 980 4275 populus.
1026 4193 1145 4255 Mirum
1169 4190 1289 4274 quippe
1313 4207 1434 4270 nequa-

388 4321 482 4382 quam
513 4310 571 4373 est,
598 4297 674 4380 quia
698 4295 840 4358 novitate
865 4307 971 4356 caret:
1004 4295 1058 4356 ille
1084 4312 1221 4374 namque
1252 4289 1306 4372 qni
1336 4289 1434 4351 asinae

388 4402 557 4466 ruditatem
579 4402 719 4463 humano
740 4400 868 4482 eloquio
894 4398 971 4459 secit
988 4397 1133 4478 peritam,
1153 4393 1237 4456 idem
1258 4392 1327 4474 ipse
1344 4391 1436 4455 istius

387 4505 530 4586 linguam
571 4503 701 4566 infantis
730 4500 772 4565 ad
810 4498 1039 4580 religiosissimi
1069 4496 1124 4559 viri
1156 4495 1266 4579 jussus
1299 4493 1437 4556 reddidit

389 4605 555 4669 cruditam.
602 4607 631 4667 Ο
653 4605 754 4666 virum
777 4601 875 4664 multa
895 4597 989 4662 laude
1013 4600 1156 4678 dignum,
1172 4595 1268 4658 nimia
1290 4594 1436 4658 refertum
