3759 5425
670 707 713 751 ns
728 709 891 755 muninus
906 709 1141 754 vraorurra'vrs.
1388 697 1432 756 tt

374 873 488 922 senatu
519 859 692 942 capitalem
728 863 857 926 sortitus
893 863 1095 938 cantandam,
1121 863 1257 943 lugubre
1293 864 1431 946 praebuit

374 961 609 1046 spectawlum.

417 1062 548 1126 XLIII.
572 1061 725 1146 Denique
748 1063 877 1127 Justina
896 1062 1030 1147 justitiae
1052 1065 1234 1141 vernacula,
1254 1065 1296 1127 ab
1321 1063 1429 1128 ortho-

375 1163 473 1226 doxis
495 1183 563 1226 non
586 1164 825 1228 contemnenda
844 1166 943 1247 virgo,
957 1185 1031 1228 cum
1046 1164 1279 1229 Deocletienus
1298 1166 1431 1248 Imperii

375 1265 512 1349 sceptris
539 1264 723 1328 infoeli'citer
754 1267 947 1348 fungeretur,
977 1275 1097 1350 quanta
1125 1267 1176 1329 vel
1206 1267 1316 1350 qualia
1342 1267 1430 1349 apud

377 1364 585 1428 AntiochIam
609 1386 668 1447 pro
689 1366 869 1447 virginitate
895 1364 1052 1429 servanda
1072 1366 1247 1449 pertulerit,
1270 1366 1343 1451 quis
1364 1389 1430 1432 me-

376 1465 489 1543 diocri,
520 1467 620 1529 fretus
647 1467 779 1548 ingenio
807 1468 963 1551 expedire
993 1489 1027 1531 se
1056 1489 1153 1551 posse
1183 1467 1353 1550 glorietur?
1396 1471 1430 1532 ni

377 1580 497 1632 cuncta
525 1569 691 1648 signorum
719 1579 752 1631 et
786 1567 1005 1652 prodigiorum
1036 1577 1136 1651 gesta,
1166 1590 1239 1653 quae
1267 1570 1429 1635 literarum

377 1672 526 1755 apicibus
539 1671 660 1734 inserta
672 1670 1006 1756 legimturdiligenter
1020 1671 1181 1736 didicerit:
1207 1673 1311 1745 Quam
1326 1693 1430 1757 neque

377 1795 497 1857 procus
520 1773 563 1836 ab
587 1773 777 1854 integritatis
798 1795 872 1837 arce
897 1773 1074 1853 detrudere,
1095 1795 1156 1838 nec
1185 1773 1312 1855 magice
1333 1775 1431 1840 male·

377 1875 527 1951 ficorum,
541 1874 761 1938 necromantia
774 1875 935 1937 ullatenus
950 1875 1078 1938 vincere
1093 1875 1201 1938 valuit.
1246 1873 1311 1938 Sed
1326 1875 1431 1939 omnis

378 1976 612 2060 prestigiamm
627 1996 743 2047 mana,
759 1996 855 2059 quam
870 1975 988 2039 callido
1002 1976 1223 2059 phantasmate
1237 1975 1308 2038 falsi
1329 1975 1429 2040 nebu·

377 2078 474 2139 lones
503 2076 784 2152 schematizarunt,
804 2087 841 2140 ut
864 2075 970 2140 fumus
992 2097 1185 2141 evanescens
1208 2076 1373 2160 dispamit,
1395 2089 1432 2143 ut

378 2199 453 2242 cera
477 2179 664 2262 liquescens
688 2179 853 2256 emarcuit,
870 2189 907 2242 ut
924 2179 1040 2242 umbra
1060 2178 1210 2243 fatiscens
1230 2177 1317 2242 dicto
1336 2179 1430 2244 citius

378 2280 622 2344 dissolvebatur.
682 2281 779 2343 Hanc
808 2280 941 2363 inquam
971 2301 1043 2344 cum
1073 2278 1266 2363 Cyprianus,
1291 2281 1346 2364 qui
1374 2301 1433 2364 per

377 2380 466 2444 idem
485 2393 615 2463 tempus
636 2381 819 2462 aruspicum
839 2381 1064 2444 celeberrimus
1087 2391 1120 2444 et
1140 2393 1215 2464 post
1234 2381 1432 2446 Soroastrem

379 2496 413 2547 et
433 2483 600 2547 SImoncm
622 2503 789 2564 magorum
808 2483 1090 2566 praestantissimus
1108 2483 1207 2546 fuisse
1229 2494 1432 2564 memoratur,

380 2588 533 2653 adhibitis
548 2586 710 2650 leviathan
731 2586 923 2667 argumentis
945 2584 1183 2667 strophosisque
1204 2583 1432 2667 deceptionum

380 2689 571 2774 muscipulis
601 2685 644 2751 ad
671 2686 802 2751 thalami
831 2687 982 2771 copulam
1007 2697 1040 2749 et
1068 2685 1211 2749 maritale
1239 2687 1432 2751 consortium

381 2796 507 2858 flectere
517 2790 675 2875 nequiret,
684 2790 762 2853 ilico
775 2810 833 2873 per
847 2789 1058 2853 castissimam
1066 2789 1087 2852 J
1088 2787 1202 2851 ustiure
1214 2786 1434 2870 virginitatem,

381 2911 444 2974 qua
473 2910 588 2953 omnes
624 2910 729 2952 rerum
760 2890 990 2952 contrariarum
1020 2887 1184 2951 machinas
1219 2890 1434 2955 exterminans

380 2993 613 3069 eliminaverat,
638 2988 794 3054 invictum
817 2990 937 3054 Christi
959 2990 1128 3074 tropheum
1151 3000 1184 3053 et
1203 2991 1238 3054 in
1263 2992 1434 3057 eluctabile

380 3094 535 3171 brasium,
548 3093 626 3156 licet
641 3112 788 3175 paganus
809 3090 986 3175 prudentur
1006 3092 1184 3155 intellexit:
1224 3094 1274 3157 Ita
1295 3114 1435 3177 prorsus,

381 3206 417 3259 ut
441 3206 586 3259 actutum
609 3194 843 3257 Ecclesiastico
866 3194 1048 3258 exorcismo
1071 3194 1290 3259 catechizatus
1312 3206 1344 3258 et
1363 3216 1436 3279 par·

381 3296 528 3361 tridentis
542 3297 653 3379 gratiae
667 3297 763 3359 vulva
781 3295 816 3357 in
831 3295 1019 3378 baptisterio
1040 3308 1263 3377 regeneratus:
1303 3296 1372 3359 Ubi
1386 3296 1437 3359 bis

383 3400 452 3463 seni
466 3399 519 3462 vel
533 3399 585 3461 bis
599 3398 682 3461 terni
696 3397 814 3479 gradum
832 3398 1042 3476 collocantur,
1056 3396 1283 3461 catholicorum
1300 3397 1436 3460 coetibus

382 3501 627 3577 adscisceretur,
650 3510 808 3583 quatenus
833 3499 890 3581 qui
914 3520 1079 3582 magorum
1105 3498 1271 3563 molimina
1294 3494 1437 3559 funditus

383 3613 537 3665 everteret
563 3610 598 3665 et
624 3601 799 3664 medulitus
823 3602 992 3675 amitteret,
1015 3620 1106 3663 versa
1130 3601 1200 3663 vice
1225 3616 1435 3681 supernorum

381 3714 582 3767 sacramenta
610 3703 739 3766 coelitus
761 3713 971 3783 cognosceret
998 3712 1031 3765 et
1052 3702 1232 3763 efficeretur
1254 3696 1437 3780 impavidus

383 3803 583 3887 predicator,
607 3803 662 3886 qui
682 3802 744 3865 fnit
767 3803 920 3886 pervicax
943 3801 1021 3865 fidei
1042 3800 1223 3880 refragator,
1246 3798 1356 3881 sicque
1379 3816 1437 3881 per

384 3914 536 3988 septenos
552 3903 711 3969 Ecclesia
727 3902 843 3985 gradus
857 3902 1011 3987 paulatim
1027 3899 1202 3983 proficiens
1216 3898 1258 3962 ad
1277 3918 1437 3961 summum

382 4003 593 4087 pontificatus
608 4003 734 4086 apicem
748 4003 895 4067 foeliciter
909 4002 1099 4086 perveniret.
1142 4001 1270 4064 Justina
1283 4022 1356 4064 vero
1371 4022 1438 4064 non

384 4106 488 4168 solum
514 4102 708 4184 integritatis
734 4101 835 4181 gloria
859 4102 925 4164 fine
949 4112 1043 4164 tenus
1068 4100 1282 4164 favorabiliter
1305 4100 1438 4183 praedita

383 4205 572 4290 permansit:
597 4204 815 4267 verumetiam
831 4203 872 4266 ad
884 4200 1114 4287 capessendam
1129 4200 1287 4283 passionis
1298 4200 1438 4284 palmam

383 4305 554 4371 adamante
564 4306 676 4370 dudor
690 4304 821 4369 diversis
833 4315 1059 4368 tormentorum
1071 4302 1266 4367 cruciatibus
1280 4314 1439 4369 macerata

384 4428 451 4472 nou
480 4410 590 4486 cessit,
617 4407 696 4491 quia
716 4407 847 4471 invicta
873 4406 988 4471 mentis
1017 4403 1205 4469 hindamina
1232 4422 1437 4490 nequaquam

384 4509 528 4574 arenosis
550 4510 723 4575 sablonum
742 4508 859 4589 glareis
881 4509 965 4571 ultro
984 4507 1128 4591 citroque
1147 4506 1345 4572 nutabundis
1364 4504 1438 4567 sub-
