3759 5425
657 749 701 794 na
716 747 1130 795 moninusvmorrursrrs.
1376 739 1416 798 ⁷³

354 902 530 988 peridem
556 910 684 985 tempus
707 913 777 966 orta
805 923 918 984 regum
941 903 1100 968 simultate
1125 903 1315 968 Paniarchae
1340 927 1415 970 cum

356 1006 583 1072 CCCXVIII.
607 1005 786 1068 vernaculis
808 1005 966 1067 famosum
987 1007 1160 1089 reportanti
1183 1007 1362 1090 tropheum,
1384 1017 1416 1070 et

357 1117 436 1192 post
448 1107 607 1170 inormem
622 1115 818 1168 catervarum
834 1114 971 1185 stragem
983 1127 1056 1170 cum
1070 1106 1215 1170 fratruele
1230 1128 1415 1174 numerosas

357 1208 576 1274 Sodomorum
597 1206 764 1270 reducenti
786 1207 912 1291 praedas
932 1208 1077 1286 obvians,
1091 1229 1199 1271 nonne
1218 1229 1277 1291 pro
1300 1207 1415 1274 sancti·

360 1321 429 1377 tate
458 1310 711 1375 conversationis
732 1312 844 1393 typica
870 1311 965 1393 panis
992 1312 1136 1394 merique
1163 1311 1317 1374 libamina
1344 1311 1417 1374 lita·

360 1421 452 1476 tnrua
462 1410 691 1494 Redemptoris
705 1412 826 1494 tropice
842 1432 1011 1495 personam
1023 1411 1232 1496 praefigurans
1243 1413 1370 1490 obtulit,
1381 1423 1417 1476 ut

361 1512 478 1576 merito
504 1511 545 1576 de
569 1510 688 1574 Christi
713 1511 893 1574 sacerdotio
920 1533 985 1595 quo
1008 1513 1169 1593 geminam
1189 1511 1307 1576 obtulit
1329 1512 1417 1576 victi·

360 1631 450 1675 ruam
464 1610 629 1674 Davidica
642 1610 817 1675 concinant
835 1611 975 1685 oracula,
996 1611 1042 1674 To
1061 1633 1096 1675 ca
1113 1613 1261 1676 sacedon
1274 1613 1309 1676 in
1324 1622 1416 1677 oeter·

361 1733 445 1776 aum
480 1711 660 1775 sewardum
694 1711 839 1774 ordinem
873 1711 1130 1783 Melchisedech,-
1170 1713 1263 1799 cujus
1291 1719 1415 1799 paterni

364 1813 540 1896 geniminis
575 1813 726 1896 prosapia
761 1822 794 1876 et
826 1825 978 1876 maternae
1011 1816 1223 1894 generationis
1262 1837 1417 1901 propago,

362 1916 479 1998 ignota
500 1913 620 1978 seculis
639 1914 771 1995 genuini
793 1925 904 1998 partus
927 1925 1041 1979 natura
1060 1915 1226 1980 delitescit.
1272 1918 1415 2001 idipsum

364 2018 525 2100 Apostolo
539 2026 686 2091 testante,
703 2016 782 2078 Sine
791 2024 901 2096 putre,
914 2019 985 2080 aine
998 2025 1114 2097 matre,
1128 2020 1198 2082 aine
1209 2022 1415 2101 genealogia,-

365 2123 515 2208 qnamvia
528 2123 658 2204 vulgata
671 2122 883 2186 Hebraeorum
898 2122 1024 2186 traditio
1039 2124 1125 2188 bunc
1140 2125 1238 2188 finisse
1253 2125 1420 2189 arbitretur

367 2226 445 2289 Sem
460 2224 710 2310 primogenitum
730 2223 814 2300 Noe,
827 2222 989 2287 Tritanum
1012 2226 1150 2288 Abrahae
1172 2236 1205 2289 et
1228 2226 1369 2301 Nachor,
1386 2237 1418 2291 et

366 2333 471 2404 Aram
511 2325 576 2390 Sed
589 2325 763 2410 plurimum
779 2324 885 2387 differt
904 2325 987 2389 inter
1006 2327 1172 2407 ambiguas
1188 2326 1418 2390 Pharisaeorum

366 2429 557 2494 traditiones
578 2438 612 2491 et
631 2427 849 2490 elucubratum
871 2446 969 2491 sacrae
992 2427 1165 2511 Scripturas
1189 2425 1418 2491 definitionem.

366 2529 636 2615 Apocryphornm
650 2529 737 2592 enim
750 2528 875 2591 noeoias
890 2536 923 2590 et
936 2527 1074 2592 incertas
1093 2529 1276 2591 frivolorum
1295 2527 1419 2592 fabulas

365 2652 570 2717 nequaquam
586 2630 755 2694 Catholica
768 2639 910 2714 receptat
924 2630 1087 2694 Ecclesia.

411 2736 480 2798 LV.
512 2734 579 2798 Sed
608 2731 650 2795 ad
687 2732 887 2815 propositum
923 2738 1069 2795 revertar.
1115 2731 1253 2791 Ornetur
1286 2730 1418 2813 inquam

366 2838 462 2900 beata
473 2835 675 2917 virginitatis
686 2834 848 2916 integritas
863 2854 929 2896 non
946 2832 1112 2896 exterioris
1126 2831 1267 2894 hominis
1280 2831 1419 2897 formosa

366 2946 552 3011 venustate;
573 2933 632 2999 aed
646 2935 804 2997 interioris
822 2934 973 3014 religiosa
996 2934 1150 2998 castitate.
1197 2933 1232 2997 Si
1252 2934 1339 2997 enim
1361 2957 1418 3000 ex·

366 3038 462 3102 terior
474 3038 618 3121 pretioso
637 3036 897 3099 indumentorum
919 3047 1066 3119 comptus
1088 3046 1201 3101 ornatu
1225 3038 1417 3103 saeculariter

370 3140 532 3221 gloriatin,
546 3139 662 3201 frustra
681 3137 813 3201 interior
823 3137 864 3200 de
878 3137 1119 3221 pulchritudine
1140 3140 1268 3221 propria
1285 3140 1421 3205 inaniter

370 3240 534 3323 gratiatur,
562 3260 638 3303 cum
670 3259 727 3301 ras
762 3239 929 3302 electionis
964 3241 1103 3321 generali
1135 3242 1293 3305 sententia
1330 3242 1422 3326 quasi

370 3342 507 3425 speciali
528 3341 709 3422 refragetur,
724 3340 823 3419 Mili,
842 3341 1004 3422 inquiens,
1024 3340 1110 3403 obsit
1129 3344 1277 3422 gloriari,
1296 3344 1364 3405 nisi
1384 3345 1420 3405 iu

369 3464 467 3505 cruce
488 3444 641 3511 Domini,·
665 3454 702 3505 nt
724 3441 803 3525 quid
826 3442 913 3505 enim
935 3443 1045 3505 saeculi
1067 3444 1277 3527 pompulenta
1300 3444 1422 3507 vanitas

370 3545 405 3607 in
431 3545 626 3607 catholicam
650 3543 772 3608 Christi
800 3544 969 3607 basilicam
994 3545 1223 3622 intromittitur,
1252 3544 1295 3607 ob
1325 3564 1421 3627 quam

371 3668 440 3711 rem
455 3645 606 3726 Virgines
620 3646 741 3710 Christi
756 3646 895 3709 coenobii
910 3646 1063 3709 famulatu
1079 3652 1315 3719 conversantes,
1330 3664 1422 3706 orna·

371 3747 491 3811 mentis
505 3748 640 3811 vestium
658 3746 805 3811 delicatis
821 3746 963 3812 decorari
977 3755 1136 3826 satagunt.
1182 3747 1301 3807 Nonne
1317 3743 1424 3807 Anbar

372 3851 461 3914 tilius
495 3848 658 3926 Acharmi,
689 3848 746 3932 qui
775 3848 815 3911 de
849 3848 1051 3911 anathemate
1085 3844 1252 3927 municipii
1290 3854 1422 3928 septeno

371 3972 537 4017 murorum
565 3952 690 4014 ambitu
714 3949 818 4013 vallati
849 3948 983 4033 pallium
1013 3946 1202 4010 coccineum
1231 3955 1264 4009 et
1291 3946 1423 4028 ligulam

373 4055 443 4119 auri
477 4055 540 4117 sibi
573 4074 734 4138 usurpans
768 4061 880 4116 contra
908 4050 1073 4114 decretum
1102 4048 1195 4113 ducis
1223 4048 1426 4111 clandestina

371 4156 485 4220 frande
499 4155 658 4238 subripuit
673 4174 746 4219 cum
762 4154 837 4217 totis
846 4152 1018 4237 parentelae
1029 4150 1262 4215 contribulibus
1274 4160 1306 4213 et
1316 4150 1425 4214 dome-

374 4258 466 4321 sticis
486 4256 647 4321 clientelae
669 4253 833 4319 sodalibus
855 4272 1006 4317 saxomm
1027 4252 1182 4314 imbribus
1203 4252 1335 4313 obrutus
1351 4248 1423 4313 hor·

374 4356 510 4421 rendum
525 4358 637 4421 mortis
651 4356 871 4439 spectaculum
887 4355 1100 4417 Hebraeorum
1116 4352 1330 4437 phalangibus
1344 4374 1424 4438 prae·

375 4458 464 4521 buit?
502 4459 564 4523 Per
585 4457 773 4539 allegoriam
794 4476 869 4520 vero
890 4453 1046 4538 oppidum
1063 4454 1217 4518 Hiericho
1237 4477 1310 4517 cum
1326 4457 1426 4537 septi·

377 4556 470 4623 sormi
499 4578 660 4621 murorum
691 4554 858 4618 obstaculo
894 4564 1006 4634 typum
1037 4552 1146 4616 mundi
1183 4574 1255 4616 oum
1286 4551 1426 4635 septenis
