3759 5425
640 735 1112 782 numunraosrruorurrsrrs.
1362 723 1404 780 47

351 906 423 970 quae
437 897 471 951 te
486 908 554 951 non
574 889 753 972 polluendo
767 911 788 954 s
801 911 854 954 me
874 900 1013 975 separet,
1027 889 1086 954 sed
1102 910 1162 973 per
1179 899 1211 952 te
1225 889 1315 969 virgo
1334 908 1406 972 per·

350 1001 474 1051 sereret
501 999 535 1053 et
563 989 657 1067 infra,
682 992 775 1054 multi
799 991 948 1075 juvenes,
971 999 1004 1056 et
1025 991 1164 1073 virgines
1189 1010 1248 1072 per
1268 999 1405 1054 vestram

350 1086 542 1168 doctrinam,
552 1091 602 1155 rel
611 1091 709 1157 vitam
724 1091 764 1156 ad
777 1094 940 1158 caelestem
957 1093 1119 1156 ascensuri
1135 1103 1209 1155 sunt
1220 1093 1405 1156 exercitum.

350 1190 537 1275 Suscipirur
563 1194 660 1276 igitur
689 1194 729 1258 de
751 1196 892 1258 thalamo
921 1196 1017 1258 beata
1037 1194 1128 1275 virgo
1150 1193 1300 1256 vocabuli
1323 1214 1405 1276 prae·

349 1294 441 1374 sagio
455 1295 625 1374 Basilisss,
638 1297 702 1361 boc
720 1308 780 1375 est,
794 1297 905 1379 regina
927 1297 1067 1360 formosa
1089 1295 1202 1360 frontis
1217 1297 1334 1378 effigie,
1349 1296 1407 1361 sed

349 1395 520 1460 formosior
541 1399 650 1462 cordis
678 1400 835 1464 castitate.
880 1401 1026 1463 Venusta
1050 1398 1185 1482 inquam
1210 1399 1406 1464 liniamentis

350 1499 554 1563 membratim
576 1503 806 1584 corporalibus,
821 1501 878 1566 sed
898 1504 974 1587 plus
996 1513 1132 1566 venusta
1154 1501 1280 1580 suatim,
1300 1501 1406 1584 cycla-

350 1598 449 1665 dibus
463 1615 595 1687 compta
610 1605 839 1687 spiritualibus.
884 1607 913 1669 Ο
929 1614 1051 1690 quanta
1066 1613 1193 1669 caterva
1208 1603 1406 1669 credentium

349 1702 385 1765 in
408 1716 545 1790 utroque
568 1727 651 1770 sexu
669 1707 797 1772 soetidas
816 1707 996 1772 facinorum
1023 1709 1151 1771 cloacas
1173 1706 1355 1782 calcitrans,
1375 1717 1408 1769 et

351 1805 467 1885 putida
491 1807 639 1871 vitiorum
662 1811 830 1873 volutabra
850 1810 1054 1884 abominans,
1073 1806 1202 1872 illorum
1226 1807 1407 1890 magisterio

350 1904 394 1969 ad
429 1905 530 1970 iidem
559 1908 760 1972 Catholicam
796 1929 962 1984 conversa,
991 1929 1065 1972 cum
1093 1909 1236 1991 martyrii
1272 1909 1407 1991 tropheo

351 2009 553 2093 triumphans
589 2011 783 2094 agonizavit.
808 2037 821 2050 ·
843 2008 1010 2094 Siquidem
1047 2011 1141 2093 plura
1169 2009 1406 2074 Monachorum

351 2113 525 2193 ergasteria
545 2114 579 2176 iu
602 2115 809 2178 celeberrimo
830 2112 1037 2178 Alexandriae
1059 2111 1249 2196 municipi0‚
1264 2135 1336 2196 quae
1359 2123 1410 2178 est

351 2216 539 2297 metropolis
564 2216 709 2299 AEgypti,
734 2217 913 2300 opitulante
938 2215 1069 2280 Christo
1095 2222 1326 2279 coustnrrere:
1366 2216 1406 2279 In

351 2315 473 2398 quibus
501 2316 638 2379 militum
668 2316 800 2396 Christi,
825 2317 953 2381 circiter
981 2317 1014 2380 X
1043 2315 1144 2380 millia
1170 2316 1230 2379 suh
1260 2315 1406 2381 districto

350 2418 476 2482 Juliani
504 2420 658 2502 regimine
687 2422 919 2499 conversantia,
943 2433 976 2485 et
1002 2441 1209 2505 nequaquam
1238 2441 1258 2483 a
1286 2429 1406 2484 sanctae

352 2518 539 2600 Religionis
557 2522 693 2600 tramite,
706 2542 766 2605 per
785 2520 935 2605 obliquos
957 2522 1119 2584 anfractus
1138 2519 1253 2584 dextra
1272 2523 1407 2606 levaque

352 2620 550 2685 declinantia
556 2623 742 2704 regulariter
752 2624 912 2687 vixerunt
951 2621 1105 2686 Basilissa
1116 2640 1190 2684 vero
1203 2621 1275 2684 Deo
1291 2621 1407 2702 dicata,

351 2723 405 2786 bis
435 2724 673 2807 quingentenos
702 2735 821 2789 sanctie
850 2725 965 2788 messis
995 2722 1178 2805 manipulos
1202 2724 1408 2805 Evangelicae

352 2824 593 2908 predicationis
607 2828 690 2890 falce
711 2838 836 2891 metens
855 2828 891 2890 in
913 2846 988 2890 area
1007 2823 1135 2888 tortoris
1155 2824 1360 2905 triturandos,
1375 2838 1409 2891 et

352 2926 477 2992 horreis
505 2930 693 2993 celestibus
722 2928 913 2994 condendos
940 2926 1077 2992 invexit.
1136 2926 1302 2991 Postremo
1331 2949 1406 2993 cum

354 3030 452 3093 effera
462 3041 702 3113 persecutorum
710 3032 817 3096 rabies
830 3031 865 3094 iu
877 3038 1099 3095 sacrosanctos
1108 3029 1266 3095 Ecclesiae
1277 3043 1407 3115 tyrones

353 3130 508 3195 feralibus
522 3131 650 3208 edictis,
666 3142 698 3195 et
713 3130 876 3196 ferocibus
888 3140 1115 3195 tormentorum
1132 3130 1328 3197 cruciatibus
1342 3144 1407 3197 tnr-

354 3233 433 3297 citer
461 3234 616 3316 ingruens
638 3246 843 3317 grassaretur,
865 3246 898 3299 et
919 3234 1098 3299 Catholicae
1121 3233 1199 3297 fidei
1224 3256 1406 3318 propugna-

352 3339 463 3401 culum
486 3340 648 3403 saecularis
670 3340 846 3423 argumenti
868 3336 986 3403 balista
1014 3346 1199 3422 quassatum
1225 3337 1406 3420 atrocisque

353 3439 515 3503 machinis
534 3440 689 3504 arietibus
707 3442 872 3504 subrutum
896 3437 1041 3502 funditus
1060 3448 1199 3501 evertere
1221 3438 1407 3515 moliretur;

355 3542 438 3615 Quis
451 3544 589 3607 ubertim
602 3552 739 3625 augusto
754 3543 828 3627 styli
845 3552 937 3605 textu
952 3540 1043 3603 effari
1058 3540 1171 3618 valeat,
1187 3550 1306 3623 quanta
1319 3538 1406 3601 idem

351 3643 505 3707 lulianus
526 3665 602 3707 cum
621 3643 745 3706 caeteris
761 3638 1096 3723 commanipularibus,
1112 3648 1145 3700 et
1163 3637 1309 3719 ejusdem
1332 3657 1406 3719 pro-

352 3746 453 3829 positi
467 3744 636 3809 sodalibus
646 3741 882 3827 martyrizando
896 3760 1068 3825 perpessus
1082 3750 1132 3803 est
1142 3740 1310 3803 Marciano
1325 3762 1405 3824 prae·

354 3845 425 3911 side
446 3848 483 3910 in
508 3848 574 3911 alto
599 3846 768 3909 tribunalis
790 3844 941 3922 culmine,
963 3843 1015 3905 rel
1038 3840 1151 3905 theatri
1176 3840 1303 3924 pulpito
1329 3863 1406 3906 cou-

354 3947 657 4027 oionante,nodosis
665 3946 801 4010 metibus
809 3956 843 4009 et
851 3943 993 4009 cruentis
1002 3942 1165 4024 mastigiis,
1177 3943 1246 4005 sine
1257 3958 1408 4029 respectu

353 4050 483 4132 pietatis
502 4050 683 4131 flagellatus
702 4068 723 4111 s
741 4048 866 4111 cultura
886 4044 1007 4109 Christi
1031 4044 1118 4107 flecti
1141 4043 1305 4128 sequium
1336 4048 1408 4131 qui·

353 4153 444 4217 nimo
473 4154 634 4238 pupillam
662 4150 858 4235 percussoris
886 4151 1040 4226 evulsam,
1067 4146 1123 4231 qui
1149 4146 1212 4209 sibi
1236 4147 1409 4215 cmdeliter

354 4256 524 4339 flagrorum
554 4254 680 4318 vibices
707 4255 878 4336 irrogabat,
904 4252 1052 4337 quamvis
1081 4260 1117 4313 ut
1142 4268 1257 4329 magus
1281 4252 1407 4332 putenti

353 4357 432 4421 lotio
457 4358 706 4434 humectaretur,
726 4356 922 4418 incolumem
948 4351 1095 4417 restituit.
1139 4352 1279 4431 Insuper
1297 4352 1408 4417 nefan-

354 4459 414 4524 das
435 4460 685 4525 simulacrorum
711 4456 834 4537 effigies
858 4457 1030 4540 plusquam
1060 4453 1263 4538 quingentas,
1289 4454 1408 4535 quibus

352 4560 530 4627 Pontifices
550 4560 757 4624 delubrorum
777 4559 931 4623 libamina
956 4558 1084 4621 litantes
1106 4553 1323 4619 bacchantum
1345 4555 1408 4615 ritu
