3759 5425
618 787 622 794 .
638 748 682 791 ns
698 746 864 792 rauorsns
880 743 1115 792 visorurrarrs.
1366 728 1406 784 77

347 901 530 984 prostitutas
562 901 698 984 lupanar
732 901 860 984 aggredi
890 901 1021 965 minIme
1058 908 1225 974 vereretur,
1252 897 1404 977 ignorans

349 1003 440 1088 quod
474 1002 517 1065 ad
552 1003 682 1066 vincula
715 1003 851 1067 stolidus
882 1005 1066 1076 traheretur,
1097 1000 1201 1063 donec
1239 997 1407 1078 transfigat

350 1105 469 1186 sagitta
486 1105 578 1188 jecur
599 1103 680 1185 ejus,
705 1107 791 1168 velut
814 1105 841 1168 si
863 1107 930 1168 ales
953 1103 1125 1187 perniciter
1146 1102 1275 1164 festinet
1297 1100 1338 1163 ad
1360 1101 1406 1162 la·

353 1228 482 1291 qucum.

397 1307 527 1370 LVIII.
551 1307 690 1371 Puderet
703 1310 816 1372 referre
839 1308 1040 1394 quorundam
1061 1307 1237 1370 frontosam
1260 1303 1409 1368 elationis

352 1408 588 1494 impudentiam
610 1421 642 1472 et
664 1418 824 1492 comptam
847 1410 1030 1473 stoliditatis
1052 1406 1267 1484 insolentiam,
1283 1425 1357 1488 quae
1374 1405 1408 1467 in

352 1522 491 1594 utroque
516 1532 598 1574 sexu
622 1532 686 1573 non
716 1511 821 1573 solum
846 1509 1140 1575 sanctimonialium
1168 1509 1228 1571 sub
1254 1505 1408 1588 regimine

354 1610 497 1676 coenobii
521 1613 789 1691 conversantium,
804 1613 1009 1676 verumetiam
1025 1611 1330 1674 Ecclesiasticorum
1347 1608 1407 1671 sub

353 1714 477 1778 ditione
501 1713 684 1777 Pontificali
713 1715 746 1777 in
779 1717 865 1778 clero
890 1714 1075 1796 degentium
1105 1721 1216 1776 contra
1245 1730 1407 1774 canonum

354 1819 484 1882 decreta
495 1829 528 1880 et
541 1818 693 1898 regularis
704 1817 778 1880 vitre
789 1840 932 1882 normam
947 1815 1228 1900 deprehenduntur
1238 1827 1408 1899 usurpata,

354 1922 399 1982 nb
421 1919 456 1983 id
479 1921 595 1998 solum,
610 1932 645 1983 ut
666 1933 773 1984 crustu
794 1920 978 1998 interdicto,
992 1920 1218 2002 phalerataque
1241 1928 1407 1982 venustate

354 2022 495 2085 camalis
509 2032 630 2084 statura
645 2034 787 2084 comatur
801 2043 838 2084 ac
855 2019 1013 2085 habitudo
1036 2041 1188 2102 corporea
1207 2019 1407 2082 membratim

354 2144 394 2187 ac
424 2123 642 2209 particulatim
671 2134 865 2205 perornetur.
914 2123 998 2186 Nam
1030 2123 1134 2186 cultus
1162 2119 1281 2202 gemini
1310 2141 1409 2184 sexus

353 2224 580 2308 hujuscemodi
607 2236 744 2304 constat,
768 2227 926 2289 subucula
950 2224 1083 2302 bissina,
1107 2224 1175 2286 sive
1198 2223 1408 2303 hiacinthina,

353 2326 466 2389 tunica
476 2327 633 2389 coccinea
644 2327 796 2410 capitium
810 2336 842 2390 et
851 2327 985 2390 manicae
998 2326 1107 2390 sericis
1119 2325 1240 2388 clavate
1250 2325 1407 2388 calliculae

354 2427 525 2490 rubricatis
547 2427 687 2509 pellibus
709 2429 901 2505 ambiuntur,
920 2428 1015 2491 antire
1037 2426 1148 2490 frontis
1175 2436 1207 2488 et
1228 2436 1408 2507 temporum

355 2527 454 2591 cicini
479 2528 662 2591 calamistro
687 2530 877 2611 crispantur,
899 2528 990 2611 pulla
1013 2527 1128 2610 capitis
1151 2524 1310 2588 velamina
1333 2545 1409 2588 can·

356 2627 454 2707 didis,
465 2641 499 2692 et
514 2630 663 2692 coloratis
677 2630 862 2694 mafortibus
878 2629 1009 2706 cedunt,
1022 2651 1092 2713 quae
1110 2627 1255 2688 vittarum
1270 2626 1410 2689 nexibus
1516 2631 1519 2638 '

356 2731 479 2795 adsutae
497 2734 561 2795 talo
581 2744 676 2795 tenus
693 2732 849 2816 prolixius
870 2728 1069 2815 dependunt,
1085 2747 1207 2807 ungues
1228 2727 1291 2789 ritu
1312 2726 1410 2790 falco·

357 2854 445 2911 num,
474 2845 509 2895 et
541 2832 742 2916 accipitrum,
772 2854 829 2896 seu
863 2841 950 2895 certe
986 2830 1027 2893 ad
1062 2829 1165 2891 instar
1198 2848 1410 2891 cavannarum

357 2944 524 3008 acuuntur,
547 2955 630 3018 quos
651 2935 833 2998 naturaliter
854 2934 997 3016 ingenita
1024 2930 1141 2994 edendi
1164 2928 1338 2993 necessitas
1360 2930 1410 2993 in·

357 3037 454 3117 stigat
467 3037 599 3099 obunca
612 3035 732 3118 pedum
753 3036 911 3099 fuscinula
929 3035 968 3097 et'
983 3033 1092 3116 rapaci
1113 3033 1300 3114 ungulnmm
1321 3052 1412 3117 arpa-

359 3136 433 3216 gine
448 3136 542 3201 alites
558 3148 589 3199 et
603 3138 724 3200 sorices
739 3135 910 3199 crudeliter
920 3133 1109 3200 insectando
1119 3134 1261 3216 grassari.
1292 3134 1412 3197 Verum

358 3259 398 3300 ne
425 3238 506 3300 sorte
532 3248 662 3321 propter
684 3238 885 3319 publicatum
912 3248 1127 3320 protervorum
1152 3234 1356 3299 insolentiam
1380 3245 1412 3298 et

357 3337 536 3419 traductam
560 3337 868 3421 indisciplinatorum
887 3338 1110 3417 arrogantiam,
1133 3338 1189 3421 qui
1209 3338 1331 3399 malunt
1352 3356 1409 3399 ne·

357 3442 517 3522 gligenter
546 3439 739 3503 dissimulari
764 3461 860 3523 quam
887 3442 1058 3502 clementer
1082 3438 1254 3521 increpari,
1278 3437 1413 3520 obliqua

358 3542 466 3605 livoris
500 3542 622 3604 invidia
656 3542 869 3618 criminemur,
904 3553 960 3603 ant
989 3540 1165 3622 strophosae
1197 3536 1411 3619 sugillationis

357 3642 499 3706 ludibrio
529 3642 729 3723 derogemur,
754 3641 978 3726 hujuscemodi
1009 3640 1183 3721 disputatio
1208 3656 1412 3720 nequaquam

359 3744 490 3807 alterins
512 3744 696 3825 proteletur,
715 3742 774 3805 sed
793 3741 989 3826 competenti
1011 3740 1154 3802 clausula
1176 3736 1329 3801 maturius
1351 3744 1412 3798 ter·

359 3845 509 3921 minetur,
529 3842 651 3906 nedum
671 3844 822 3925 maligma
844 3840 1069 3905 medicamenti
1091 3837 1270 3925 pruulentis
1291 3846 1413 3922 proter·

361 3964 473 4007 rorum
501 3943 700 4019 vulneribus,
730 3945 903 4029 quaerimus
937 3943 1040 4025 rigida
1074 3942 1283 4005 convitiorum
1313 3942 1413 4023 flagra

359 4046 599 4130 virulentasque
620 4066 753 4129 asperae
788 4044 979 4108 invectionis
1013 4043 1177 4125 mastigias
1212 4043 1253 4105 ab
1287 4040 1410 4105 aemulis

350 4147 490 4219 ,tmciter
524 4147 644 4220 illatas,
673 4147 886 4231 experiamur,
916 4157 949 4208 et
984 4156 1089 4210 tamen
1124 4165 1189 4207 non
1219 4162 1413 4226 magnopere

359 4270 490 4313 moveor
512 4248 692 4332 quamlibet
715 4249 865 4313 adversus
891 4248 1112 4332 stipulatorem
1129 4246 1274 4309 -veritatis
1297 4244 1413 4309 suatim

358 4350 514 4415 livescant
528 4371 567 4414 ac
583 4358 695 4413 contra
705 4350 928 4414 insectatorem
940 4348 1091 4412 tumentis
1101 4347 1267 4431 jactantias
1279 4345 1414 4428 graviter

359 4450 591 4531 ingemescant.
637 4449 721 4521 Quia
735 4449 868 4511 meliora
888 4459 963 4510 sunt
984 4448 1115 4510 vulnera
1129 4445 1302 4528 diligentis,
1317 4465 1414 4529 quam

360 4552 471 4617 oscula
498 4549 651 4626 odientis,
674 4548 776 4613 levius
802 4549 923 4633 quippe
954 4547 1082 4611 ferenda
1110 4559 1159 4611 est
1182 4546 1283 4611 livida
1308 4542 1414 4611 devoti
