3759 5425
464 727 527 787 ³10
741 738 1235 800 nemorumnemorum.

465 890 615 975 gradibus
645 891 782 957 derivari
811 894 869 957 ubi
891 894 1094 977 geminantur
1114 918 1131 958 r
1150 896 1203 959 rel
1223 896 1236 959 l
1257 896 1374 976 literae,
1387 906 1426 961 ιιι
1447 916 1517 961 acer

465 993 647 1074 acenimus,
661 1004 753 1059 vetus
768 994 964 1061 veterrimus.
1008 997 1179 1079 Vrrgiliusr

779 1092 919 1145 veterrima
928 1091 1027 1159 lamus,

607 1176 745 1245 Religloue
754 1182 856 1251 petrum
868 1177 963 1231 multos
973 1184 1077 1232 aaran
1086 1196 1134 1251 per
1145 1196 1240 1234 mnos:

466 1265 611 1351 quamvis
626 1266 774 1347 analogia
788 1265 901 1348 exigat
915 1277 950 1329 ut
964 1266 1107 1351 epitheta
1116 1268 1151 1330 iu
1162 1289 1178 1331 r
1188 1266 1396 1331 terminantia
1406 1288 1516 1352 super·

464 1366 597 1431 latirum
618 1364 780 1448 geminata
801 1388 816 1428 r
834 1366 927 1431 litera
947 1378 1144 1451 promantur,
1166 1377 1204 1433 ιιι
1223 1378 1306 1433 teter
1327 1368 1518 1447 teterrimus,

467 1469 577 1533 creber
586 1467 812 1533 creberrimus:
836 1466 923 1532 uude
932 1468 1149 1554 antiquissimi
1160 1490 1226 1533 non
1235 1479 1327 1533 vetus
1342 1468 1517 1545 sedreter3

467 1582 503 1634 ιιι
516 1569 663 1633 Ennius:

607 1651 676 1705 Cum
685 1655 759 1704 veter
770 1649 887 1703 occubuit
901 1649 1021 1704 Priamus
1032 1651 1081 1705 sub
1093 1650 1183 1705 Marte
1192 1649 1322 1720 Pelasgo:

465 1741 557 1825 niger
569 1739 768 1822 nigerrimus,
782 1738 879 1803 miser
892 1739 1096 1819 miserrimus,
1110 1742 1196 1804 celer
1214 1740 1412 1819 celerrimus,
1425 1738 1517 1823 piger

465 1842 665 1928 pigenimus,
680 1850 771 1904 tener
785 1840 975 1905 tenerrimus
989 1852 1025 1905 ut
1038 1841 1074 1904 iu
1090 1842 1234 1905 Basiliou
1249 1851 1381 1906 cautum
1396 1850 1457 1919 est,

711 1948 786 2017 quasi
797 1946 952 2001 vermiculus
962 1947 1027 2016 ligni
1037 1950 1204 2003 tenerrimus.

465 2044 551 2109 Nam
570 2063 693 2127 pauper
712 2044 943 2128 pauperrimus,
958 2055 991 2110 et
1009 2046 1145 2130 pulcher
1157 2044 1395 2131 pulcherrimus
1407 2044 1516 2110 ionico

465 2144 576 2230 majori
595 2144 827 2229 mancipantur.
874 2146 1096 2230 Excipiuntur
1117 2148 1266 2211 anomala
1286 2147 1464 2211 sinistimus
1484 2156 1519 2212 et

464 2245 638 2324 dextimus,
648 2267 783 2330 quorum
794 2246 955 2330 primitiva
969 2258 1045 2311 sunt
1058 2247 1187 2312 sinister
1200 2259 1233 2313 et
1248 2247 1371 2312 dexter.
1415 2246 1517 2312 Unde
1639 2321 1640 2324 Ἴ

464 2348 634 2414 Sallustius
642 2347 917 2431 historiographus
925 2349 959 2411 iu
968 2349 1176 2431 Jugurthiuo:
1200 2350 1291 2433 Sylla
1301 2347 1429 2433 (iuquit)
1439 2369 1517 2413 cum

464 2450 608 2535 equitatu
620 2448 706 2533 apud
716 2445 888 2528 dextimos,
897 2448 929 2511 in
941 2447 1070 2514 sinistra
1077 2460 1168 2534 parte
1174 2450 1308 2515 Mallius
1317 2472 1392 2515 curu
1401 2447 1516 2513 fimda·

463 2552 594 2617 toribus.
622 2552 707 2614 Nam
719 2548 896 2614 secundum
908 2551 1089 2633 analogiam
1098 2552 1333 2630 sinisterrimus,
1343 2562 1377 2617 et
1387 2550 1516 2615 dexter-

463 2653 562 2718 rimus
578 2652 746 2717 diceretur.
792 2653 875 2718 Item
890 2650 1071 2731 facillimus,
1085 2653 1290 2737 gracillimus,
1304 2652 1517 2730 humillimus,

465 2753 832 2834 simillimus,agillimus.
862 2752 1516 2839 Neutraliaquoqueinhancregulamre·

465 2853 669 2935 d‘gunturmt
676 2855 879 2938 opusculum,
888 2855 1111 2940 majusculum,
1117 2857 1333 2935 holusculum,
1340 2875 1517 2939 crepuscu-

464 2959 542 3034 lum,
556 2956 766 3040 pecusculum
782 2954 888 3040 (cujus
902 2957 1028 3038 plurale
1036 2955 1107 3041 jam
1120 2957 1322 3041 promlimus)
1337 2957 1515 3041 piaculum,

463 3058 653 3144 periculum,
663 3058 834 3122 silentium.
857 3059 929 3122 Nec
943 3078 1011 3121 nou
1026 3059 1121 3122 etiam
1135 3059 1169 3121 iu
1181 3059 1349 3122 verborum
1362 3056 1468 3122 modis
1481 3068 1516 3121 et

463 3161 608 3245 personis
622 3181 660 3224 ac
676 3169 856 3242 temporum
867 3158 1138 3225 declinationibus
1151 3159 1238 3224 idem
1246 3161 1347 3225 Paron
1358 3160 1516 3244 reperiuu

463 3260 1514 3347 insertusaprimaconjugationo,quaeinPyrrbichiodigeasimus3

463 3366 517 3428 vel
531 3364 684 3442 secunda,
696 3385 766 3447 quae
778 3364 812 3426 in
827 3363 988 3428 tribracho
1003 3373 1145 3449 tempore
1159 3364 1276 3443 futuro,
1283 3374 1321 3428 ut
1334 3365 1516 3428 amabimus

464 3465 622 3544 amabitis,
634 3466 801 3529 beabimus
813 3466 963 3545 beabitis,
974 3467 1152 3531 meabimus
1163 3467 1321 3542 meabitis,
1333 3465 1516 3531 creabimus

464 3565 623 3646 creabitis,
635 3567 820 3631 cavabimus
835 3566 1002 3646 cavabitis,
1016 3567 1197 3632 secabimus
1212 3567 1375 3630 secabitis.
1419 3568 1450 3630 Α
1464 3587 1516 3628 se-

464 3667 572 3732 cunda
578 3667 618 3731 de
624 3666 737 3731 activis
743 3675 776 3730 et
783 3665 1225 3747 neutralibus,utdocebimus
1231 3665 1399 3743 docebitis,
1405 3673 1516 3749 stupe·

463 3769 571 3834 bimus
579 3768 759 3854 stupebitis,
766 3765 947 3832 fovebimus
956 3767 1114 3846 fovebitis,
1123 3768 1278 3832 ciebimus
1290 3767 1426 3845 ciebitis,
1431 3765 1516 3848 rige·

463 3869 568 3934 bimus
579 3869 732 3951 rigebitis.
769 3866 1515 3952 Passiva,communia,etdeponentiautroque

463 3989 595 4033 numero
610 3968 818 4046 concordant,
834 3966 1001 4032 doceberis
1016 3967 1183 4033 docebitur
1198 3968 1397 4046 docebimur,
1405 3965 1514 4030 mede-

464 4071 548 4136 beris
570 4071 751 4135 medebitur
771 4067 982 4147 medebimur,
995 4067 1145 4133 fateberis
1159 4069 1309 4134 fatebitur
1335 4069 1514 4145 fatebimur,

464 4175 620 4239 vereberis
634 4172 792 4238 verebitur
808 4170 994 4234 verebimur.
1039 4172 1093 4236 Sic
1110 4182 1143 4234 et
1164 4173 1299 4235 aforma
1318 4169 1512 4244 inchoativa,

463 4274 520 4339 sed
536 4296 555 4338 a
569 4283 712 4357 tempore
727 4272 885 4357 praesenti,
899 4281 935 4336 ut
948 4270 1137 4335 virescimus
1147 4273 1312 4351 virescitis,
1325 4271 1513 4353 rigescimus

463 4376 628 4456 rigescitis,
643 4373 850 4438 tumescimus
865 4373 1054 4452 tumescitis,
1076 4373 1292 4437 madescimus
1314 4370 1510 4449 madescitis,

463 4476 661 4538 rubescimus
675 4473 853 4546 rubescitis,
868 4472 951 4537 utin
966 4483 1078 4554 poeta:

606 4571 692 4628 Quem
704 4571 787 4631 magis
799 4568 907 4619 offendit
919 4570 1034 4635 quisquis
1045 4571 1189 4638 superando
1201 4571 1317 4639 tepescit
