3759 5425
431 624 494 684 268

710 638 864 685 rrrsrom
881 639 923 684 ro
939 637 1118 696 rcracrorr,
1133 639 1205 687 arc.

519 790 661 855 Nomine
677 812 792 875 nempe
809 812 882 855 meo
898 791 1042 856 florescit
1056 792 1159 874 gloria
1172 811 1288 868 rerum,

518 890 716 975 Martyribus
730 912 859 956 necnon
874 890 953 954 dum
968 891 1103 955 vincunt
1118 892 1233 976 proelia
1246 891 1360 955 mundi

521 990 619 1056 Edita
634 993 775 1057 cmlestis
789 1003 945 1077 prensant
958 1004 993 1055 et
1005 994 1140 1076 praemia
1153 994 1239 1068 ritae,

522 1092 726 1176 Frondigeris
740 1092 858 1175 tegitur
871 1092 1049 1157 bellantum
1064 1104 1169 1157 turma
1182 1093 1319 1170 coronis,

523 1194 567 1257 Et
582 1193 676 1257 viridi
689 1214 778 1257 ramo
793 1193 895 1256 victor
909 1193 1082 1257 certamine
1096 1193 1199 1259 miles.

523 1296 562 1357 In
578 1316 703 1359 summo
718 1292 834 1377 cepitis
848 1291 1014 1357 densescit
1027 1295 1146 1359 vertice
1160 1294 1273 1371 vellus,

523 1396 578 1459 Ex
594 1417 659 1479 quo
673 1394 863 1477 multiplicis
878 1402 1067 1479 torquentur
1081 1394 1224 1478 tegmina
1237 1395 1325 1479 pepli

524 1496 578 1560 Sic
591 1516 720 1581 quoque
734 1494 897 1559 mellifluis
911 1516 1058 1559 escarum
1071 1517 1171 1580 pasco
1185 1496 1315 1579 saginis,

524 1597 663 1661 Nectare
677 1617 735 1681 per
749 1597 889 1680 populos
903 1596 1048 1660 tribuens
1063 1597 1216 1662 alimenta
1230 1597 1383 1661 ciborum.

687 1704 717 1761 2.
743 1697 794 1761 De
809 1696 980 1761 Menocero
993 1701 1059 1763 aire
1078 1698 1247 1762 Unicomr‘.

524 1798 670 1865 Collibus
684 1799 718 1861 in
733 1798 830 1861 celsis
844 1798 921 1863 saevi
937 1796 1125 1863 discrimina
1138 1800 1266 1876 Martis,

527 1900 681 1972 Quamvis
696 1909 827 1963 venator
840 1900 957 1963 frustra
969 1900 1106 1965 latrante
1120 1900 1268 1965 Molosso

525 2000 654 2065 Garriat
669 2010 735 2064 arte
751 2000 808 2064 seri
822 2010 1040 2085 contorquens
1055 2002 1181 2086 apicula
1195 2002 1280 2079 ferri,

526 2102 583 2165 Nil
601 2122 720 2181 vercor,
733 2102 859 2182 magnis
875 2100 931 2164 sed
947 2102 1048 2167 fretus
1062 2103 1183 2166 riribus
1198 2104 1279 2166 altos

527 2199 670 2282 Belliger
683 2201 877 2287 impugnans
892 2202 1081 2285 elephantes
1095 2204 1224 2267 vulnere
1239 2216 1356 2280 aterno,

526 2304 604 2366 Heu
619 2303 743 2366 fortuna
756 2303 858 2381 ferox,
874 2322 948 2387 quae
964 2323 1015 2366 me
1030 2304 1077 2367 sic
1091 2314 1160 2367 arte
1173 2300 1306 2367 fefellit!

529 2404 616 2467 Dum
632 2404 756 2468 trucido
771 2402 909 2486 grandes
924 2415 957 2469 et
970 2404 1093 2487 virgine
1107 2405 1220 2468 vincor
1232 2404 1356 2481 inermi,

488 2536 496 2553 ·
528 2507 613 2569 Nam
626 2506 781 2587 gremium
791 2504 937 2589 pendens
948 2528 1028 2570 mox
1041 2506 1178 2591 pulchra
1184 2526 1341 2590 puerpera
1350 2504 1491 2589 prendit,

531 2602 575 2671 Et
589 2608 654 2670 voti
670 2628 804 2692 compos
819 2608 938 2671 celsam
954 2605 1084 2671 deducit
1097 2605 1137 2670 ad
1153 2608 1275 2670 urbem.

534 2707 658 2773 Indidit
673 2729 716 2772 ex
732 2729 833 2772 cornu
846 2729 965 2773 nomeu
980 2708 1058 2773 mihi
1072 2709 1182 2792 lingua
1196 2707 1342 2790 Pelasga

531 2811 585 2875 Sic
601 2809 714 2873 itidem
727 2809 859 2893 propria
873 2807 1027 2873 dixerunt
1040 2829 1121 2872 voce
1135 2809 1253 2872 Latini.

784 2914 814 2972 3.
839 2907 891 2972 De
907 2911 983 2974 Sole
996 2919 1028 2973 et
1045 2911 1152 2974 Luna.

532 3014 608 3077 Non
622 3033 682 3075 nos
697 3011 828 3076 Saturni
841 3012 952 3093 genuit
967 3011 1173 3094 spurcissima
1186 3011 1294 3094 proles

531 3114 668 3197 Jupiter,
683 3113 876 3175 immensum
890 3111 1018 3194 fingunt
1033 3132 1128 3197 quem
1139 3110 1284 3176 carmina
1296 3118 1417 3174 ratum:

533 3216 603 3278 Nec
620 3213 681 3277 suit
694 3213 728 3277 in
744 3212 829 3276 Delo
843 3221 944 3274 mater
958 3213 1084 3276 latona
1097 3212 1243 3276 creatrix.

532 3315 674 3398 Cynthia
687 3335 754 3377 non
770 3312 870 3391 dicor,
884 3334 947 3376 nec
962 3313 1058 3378 frater
1071 3314 1191 3399 Apollo
1205 3324 1346 3377 vocatur.

533 3415 598 3480 Sed
612 3415 720 3499 potins
735 3414 850 3477 summi
864 3414 978 3496 genuit
990 3425 1138 3496 regnatur
1152 3415 1296 3498 Olympi,

535 3517 598 3588 Qui
614 3535 700 3579 nunc
716 3514 750 3576 in
765 3514 856 3578 eoelis
870 3514 1011 3578 excelsoe
1025 3515 1176 3599 praesidet
1190 3516 1266 3580 arci.

534 3616 715 3681 Dividimus
731 3614 887 3678 muudum
904 3617 1066 3680 communi
1079 3617 1150 3698 lege
1166 3616 1366 3699 quadratum,

535 3720 721 3782 Nocturnas
735 3717 875 3798 regimus
891 3736 1004 3779 cursus
1018 3727 1051 3781 et
1065 3718 1164 3780 sraena
1179 3716 1311 3781 dierum.

539 3820 582 3883 Ni
597 3841 686 3883 soror
700 3831 733 3883 et
745 3820 840 3883 frater
854 3840 935 3903 vaga
949 3820 1068 3882 saecula
1077 3819 1151 3903 jure
1165 3821 1358 3904 gubemeut,

536 3922 611 3985 Heu
628 3920 727 3984 chaos
741 3921 931 3984 immensum
947 3919 1084 3984 liucaret
1099 3931 1215 3986 cuncta
1228 3922 1369 3998 latebris,

535 4025 676 4107 Altaque
690 4043 777 4087 nunc
794 4023 892 4086 Erebi
905 4033 1075 4104 regnarent
1089 4025 1221 4088 Tartara
1233 4025 1325 4108 nigri.

828 4129 860 4186 4.
886 4121 937 4185 De
953 4124 1120 4187 Scintilla.

538 4229 619 4299 Quae
635 4247 686 4290 ros
702 4226 735 4288 in
752 4225 841 4288 terris
857 4237 995 4288 armatur
1010 4228 1123 4290 robore
1138 4237 1239 4304 tanto,

541 4331 605 4391 Aut
619 4328 750 4411 paribus
765 4324 855 4405 fungi
869 4324 988 4388 nitatur
1002 4325 1123 4390 viribus
1137 4325 1267 4390 audax?

540 4429 640 4490 Parva
655 4427 730 4490 mihi
748 4426 849 4508 primo
867 4436 1015 4488 constant
1030 4425 1164 4488 exordia
1179 4427 1262 4502 vitae,
