3759 5425
518 764 580 823 368
753 773 828 819 vrrs
844 772 1020 819 annuatur
1038 774 1169 821 ramore
1184 774 1349 821 ancroaa.

515 928 730 1006 reverentiam,
740 927 1042 1013 dignecustodiunt.
1072 929 1113 991 In
1122 928 1219 1014 hujus
1227 928 1390 1011 principio
1400 927 1569 991 anathem
1606 985 1610 1018 =

517 1034 741 1118 scriptumne
763 1033 923 1118 quiscum
946 1032 1024 1097 inde
1037 1034 1184 1111 autemst,
1197 1034 1348 1098 vidimus.
1395 1036 1521 1118 Itaque
1535 1032 1571 1091 sir
1606 1031 1611 1052 '

516 1136 578 1200 iste
595 1136 667 1199 Deo
682 1137 797 1219 plenus
811 1134 845 1197 in
856 1132 972 1197 eodem
987 1134 1061 1198 loeo
1076 1133 1157 1197 vixit
1173 1134 1284 1197 Abbas
1297 1134 1460 1212 eximius,
1472 1131 1571 1196 dones

517 1258 577 1322 per
592 1233 788 1300 Berthwaldi
803 1256 917 1298 manus
931 1234 1183 1319 impositionem,
1197 1236 1357 1299 canonice
1372 1234 1420 1298 ad
1435 1234 1572 1317 Episco
1609 1255 1613 1266 ·

519 1348 613 1421 patus
642 1336 785 1399 officium
812 1335 928 1399 ductus
952 1348 1013 1413 est,
1038 1336 1127 1421 quod
1156 1337 1220 1401 boc
1248 1336 1363 1401 ordine
1393 1339 1451 1400 vel
1482 1356 1573 1399 causa
1614 1429 1619 1446 Ι

519 1448 641 1521 gestum
658 1448 717 1501 est.

563 1541 723 1623 Tempore
752 1538 879 1612 osredi,
915 1540 1061 1623 praeclari
1097 1541 1273 1621 Anglorum
1303 1539 1423 1622 Regis,
1458 1537 1574 1603 Hedda
1617 1595 1621 1620 ,

520 1640 740 1706 sanctissimus
755 1640 908 1718 Antiates,
922 1640 1017 1722 eujus
1039 1641 1136 1704 vitam
1150 1640 1346 1704 laudabilem
1369 1640 1468 1704 Beda
1484 1662 1573 1703 rens·

521 1742 631 1807 rabilis
646 1742 816 1823 Presbyter
830 1740 863 1803 in
887 1741 1035 1805 Historia
1054 1752 1161 1805 narrat
1181 1741 1433 1820 Ecclesiasticus,
1448 1742 1574 1805 detunc-

521 1858 573 1908 tus
595 1844 671 1917 vita,
693 1844 851 1906 caelestem
875 1844 1021 1925 migrarit
1040 1844 1083 1907 ad
1104 1845 1248 1926 gloriam.
1295 1844 1401 1928 Cujus
1426 1844 1574 1927 parocbia

522 1967 588 2030 prae
604 1944 758 2007 circuitus
773 1944 821 2008 sui
838 1944 1070 2027 magnitudine,
1085 1947 1162 2030 quia
1175 1948 1217 2010 ab
1237 1967 1304 2009 uno
1319 1946 1502 2027 gubernari
1516 1968 1572 2007 noc
1617 1945 1621 2006 l

522 2055 657 2131 poterat,
697 2044 998 2110 Ecclesiasticomm
1039 2048 1169 2111 Patrum
1205 2049 1401 2131 Regumque
1442 2048 1573 2112 consilis·

524 2145 627 2211 divisa
640 2156 690 2207 est
703 2146 736 2207 in
754 2145 852 2209 duas:
877 2146 970 2230 cujus
984 2167 1082 2209 unam
1097 2158 1220 2229 partem
1237 2147 1357 2210 Daniel
1374 2148 1573 2231 gubernavit,

523 2250 570 2313 vir
596 2247 632 2310 in
661 2248 771 2311 multis
801 2249 1057 2325 strenuissimus3
1093 2248 1136 2311 ad
1164 2249 1306 2329 regimen
1338 2272 1419 2313 vero
1453 2250 1573 2315 alterins

524 2350 686 2426 dioecesis,
696 2349 862 2427 Primates,
875 2350 961 2413 Cleri
976 2360 1008 2414 et
1019 2350 1151 2434 copiosa
1162 2348 1334 2413 multitudo
1343 2353 1481 2434 populi,
1491 2350 1572 2436 qnasi

526 2474 590 2518 una
614 2472 692 2515 voce
718 2449 904 2527 concordes,
924 2452 1022 2535 juxta
1047 2452 1217 2515 Canonum
1242 2452 1380 2537 antiqua
1406 2466 1573 2537 praecepta

525 2563 671 2619 sanctum
687 2553 773 2615 hunc
790 2553 956 2634 elegerunt
969 2552 1195 2616 Aldhelmum:
1220 2554 1273 2617 cui
1291 2554 1356 2617 boc
1373 2575 1573 2639 summopere

524 2657 765 2738 suffragabatur,
788 2654 877 2739 quod
900 2666 1032 2721 vocatus
1054 2659 1218 2733 renuebat,
1240 2670 1397 2724 attractus
1422 2671 1573 2746 qnantum

525 2767 651 2844 poterat
665 2757 840 2822 resistebat.
885 2758 981 2823 Pater
995 2759 1119 2843 quippe
1135 2759 1208 2823 Deo
1222 2760 1383 2839 amabilis,
1398 2783 1469 2826 nee
1484 2763 1575 2826 ambi·

526 2860 613 2924 tione
628 2868 678 2924 est
691 2869 853 2936 attractus,
868 2880 927 2922 nec
943 2859 1163 2924 inobedientia
1178 2861 1306 2924 tandem
1320 2872 1503 2928 retractus:
1525 2863 1574 2926 ssd

525 2964 559 3027 in
569 2973 702 3045 utroque
712 2961 846 3025 servarit
855 2961 1092 3040 modum,nulla
1099 2963 1244 3028 bonitate
1252 2975 1385 3028 remota.
1400 2967 1534 3030 Verein
1543 2991 1575 3028 et·

525 3062 1577 3151 metatquodApostolusGentium'limotbeodixeratinEpistola

529 3165 575 3246 [3.
587 3163 649 3244 ·2.]:
667 3164 802 3247 Oportet
812 3163 1015 3247 Episcopum
1026 3163 1338 3247 irreprebensibilem
1350 3187 1436 3232 esse.
1468 3169 1576 3253 Inqno

527 3287 591 3329 uno
609 3275 772 3350 praecepto
786 3265 829 3326 ab
844 3264 1000 3348 Apostolo
1015 3261 1091 3328 dato
1106 3265 1216 3329 omnia
1229 3269 1467 3350 subsequentia
1482 3271 1577 3333 conti

526 3378 653 3439 nentur,
663 3365 810 3447 quamvis
818 3385 877 3446 pro
886 3363 1051 3427 intellectu
1060 3363 1186 3448 singula
1195 3387 1258 3429 nou
1270 3368 1497 3435 nominentur.
1518 3373 1577 3435 Iste

527 3487 676 3551 namque,
686 3476 722 3530 ut
733 3466 773 3529 de
787 3465 883 3530 bonis
893 3465 1037 3530 Praelatis
1048 3467 1093 3530 ait
1106 3467 1140 3530 S.
1152 3468 1337 3550 Gregorius,
1348 3470 1439 3534 sicut
1449 3489 1578 3556 praerat

527 3570 559 3633 in
572 3565 703 3632 honoris
714 3565 864 3642 culmine,
872 3565 918 3629 ita
929 3566 1133 3650 praecedebat
1141 3568 1201 3632 sibi
1213 3570 1376 3654 subjectos
1387 3573 1423 3634 in
1436 3577 1577 3638 omnium

528 3668 708 3735 bonitatum
729 3665 953 3750 amplitudine.
997 3668 1160 3753 Quicquid
1182 3671 1270 3733 enim
1290 3692 1346 3734 ore
1367 3675 1569 3756 praedicabat

528 3771 616 3856 prius
627 3789 722 3854 opere
735 3768 804 3833 sine
817 3769 965 3834 elationis
976 3781 1099 3836 tumore
1114 3777 1385 3856 praemonstrabat
1422 3776 1577 3848 Quidum

530 3873 764 3955 Episcopatum
786 3891 843 3954 per
864 3891 967 3935 annos
992 3885 1128 3956 quatuor
1152 3875 1407 3939 strenuosissime
1434 3881 1578 3957 rexisset,

528 3975 698 4061 Episcopii
729 3975 857 4051 officio;
895 3978 1103 4056 monasteriis,
1139 3999 1212 4063 quae
1245 3979 1436 4063 providente
1474 3983 1578 4048 divina

529 4076 698 4144 clementia
720 4084 795 4139 ante
815 4075 849 4139 id
872 4077 972 4140 officii
998 4081 1236 4159 gubernaverat,
1258 4082 1370 4145 Patres
1390 4104 1577 4169 praeponen

529 4178 638 4245 voluit
684 4177 832 4241 Ceterum
853 4178 908 4260 pia
930 4181 1211 4262 congregationum
1235 4183 1422 4262 multitudo,
1441 4188 1507 4251 snb
1528 4191 1577 4273 pio

528 4280 623 4342 Patre
638 4278 788 4341 victitans
811 4277 953 4358 feliciter,
968 4283 1090 4365 respuit
1105 4304 1143 4346 eo
1158 4284 1328 4366 superstite
1350 4285 1453 4350 alium
1467 4308 1578 4372 preter

528 4401 602 4444 eum
616 4379 734 4443 habere
757 4391 936 4463 patronum.
981 4383 1074 4447 Tunc
1099 4385 1146 4448 vir
1168 4386 1316 4462 Sanctus,
1332 4409 1447 4450 eorum
1468 4391 1576 4474 benig·

526 4477 690 4542 nissimam
728 4477 933 4545 considerans
975 4485 1182 4563 voluntatem,
1225 4485 1445 4572 ponendoque
1484 4491 1576 4555 atum

526 4575 641 4633 timens
652 4576 771 4638 ordinis
783 4579 934 4642 collidere
944 4580 1148 4648 stabilitatem
1155 4609 1164 4661 3
1190 4587 1310 4665 abbas,
1322 4599 1357 4650 ut
1367 4590 1460 4672 prius
1470 4591 1576 4659 trent
