3759 5425
714 763 1133 814 naasonransvraaruurr.
1386 745 1447 812 167

481 917 622 982 Auribus
636 917 797 984 hausisset
812 919 937 982 craleati
953 930 1127 1000 grammate
1144 920 1273 1005 scripta,

484 1019 634 1084 Protinus
649 1020 788 1105 antiquae
804 1032 1015 1085 contemnens
1030 1020 1182 1102 dogmata
1196 1032 1306 1102 secto,

483 1121 578 1186 Falsa
592 1132 787 1186 vetustarum
802 1124 937 1188 calcarh
951 1123 1063 1188 frivola
1077 1124 1196 1205 legum,

485 1223 530 1286 Et
544 1223 632 1288 dicto
646 1225 752 1302 citius,
765 1235 882 1288 nactus
894 1223 1078 1288 rudimenta
1091 1223 1181 1302 fidei,

484 1323 656 1406 Flagitium
671 1326 803 1390 sceleris
816 1325 970 1410 baptismi
983 1322 1101 1389 didicit
1114 1325 1222 1390 unda:

487 1421 572 1488 Mox
586 1425 715 1508 publice
731 1424 896 1489 Christum
910 1425 1047 1508 paganis
1060 1424 1214 1510 praedicat
1228 1427 1321 1506 ultro,

487 1525 567 1589 Dira
581 1527 790 1610 superbarum
805 1547 959 1610 spernens
974 1539 1131 1592 tormenta
1145 1527 1311 1592 minarum.

484 1628 567 1691 Tum
584 1626 709 1708 genitur
724 1627 866 1692 sobolem
882 1639 1004 1690 naturae
1014 1626 1088 1712 jura
1102 1629 1264 1692 resolvens

486 1729 638 1792 Truaerat
651 1729 685 1792 in
700 1730 849 1792 tenebras
863 1728 1008 1793 conclusi
1024 1729 1162 1794 carceris
1176 1741 1271 1810 atras,

484 1831 682 1914 Magnopere
698 1842 845 1894 menaeus
859 1829 932 1894 fisci
943 1828 1072 1895 decreta
1088 1830 1234 1911 nefandi,

487 1933 625 2014 Insuper
639 1942 674 1996 et
687 1932 805 2015 capital
821 1933 976 1996 tremulus
991 1930 1141 1996 formidat
1155 1934 1316 1998 acerbum.

489 2033 554 2097 Sed
571 2054 645 2098 cum
659 2055 750 2098 mens
762 2033 894 2118 juvenis
906 2033 1002 2098 ferret
1015 2043 1176 2098 tormenta
1188 2035 1336 2114 libenter,

488 2135 571 2199 Mox
586 2135 682 2200 aliam
697 2137 823 2218 genitor
837 2137 1038 2201 concinnans
1052 2137 1202 2202 machina
1216 2159 1357 2216 scenam,

488 2239 629 2304 Lubrica
641 2239 817 2302 mundanis
830 2238 976 2303 admovit
992 2238 1109 2320 gaudia
1124 2240 1264 2322 pompis,

490 2341 600 2406 Serica
609 2341 779 2424 purpureis
792 2343 943 2424 praehens
959 2341 1117 2404 velamina
1131 2342 1248 2426 peplis,

493 2442 573 2515 Quas
589 2443 743 2506 moritura
756 2444 834 2507 lacit
846 2444 962 2508 ioetoao
978 2443 1098 2507 viscere
1112 2442 1259 2520 bombix,

491 2544 603 2610 Induit
617 2546 780 2627 egregium
795 2545 943 2630 preciosa
957 2555 1043 2608 veste
1058 2547 1223 2608 nitentem.

489 2647 573 2712 Tum
581 2647 678 2734 jussu
691 2648 792 2732 patris
808 2647 955 2711 convivia
968 2647 1058 2730 larga
1073 2647 1201 2731 puellae,

488 2750 696 2833 Deliciasque
711 2750 828 2828 serunt,
842 2749 956 2832 epulas
970 2749 1133 2831 luxusque
1149 2748 1280 2825 culinae,

489 2849 642 2913 Vestibus
656 2861 775 2913 ornatoe
792 2849 896 2925 variis,
910 2859 944 2911 et
958 2848 1061 2912 fronte
1077 2860 1220 2927 venusta,

488 2951 623 3016 Talibus
636 2964 673 3015 ut
686 2952 816 3035 pompis
830 2952 924 3015 miles
938 2952 1141 3015 mollesceret
1155 2951 1280 3016 audax:

489 3053 603 3118 Ferrea
617 3054 690 3137 quis
705 3054 818 3118 crebro
833 3052 956 3117 cedunt
969 3052 1148 3136 precordia
1162 3050 1275 3131 virum,

491 3155 556 3219 Sed
571 3167 679 3220 tamen
692 3164 835 3219 armatus
850 3154 970 3219 Christi
986 3154 1145 3220 testudine
1159 3156 1233 3234 tiro,

490 3258 610 3322 Oscula
625 3257 776 3340 virgineis
791 3254 943 3339 despexit
956 3257 1082 3321 lubrica
1096 3257 1205 3335 labris,

491 3360 561 3423 Nec
576 3368 743 3441 penetrare
758 3357 836 3421 sinit
851 3369 1030 3440 stuprorum
1046 3358 1174 3441 spicula
1188 3366 1311 3441 pectus.

489 3458 555 3523 Sed
569 3458 684 3543 procul
699 3458 846 3522 excussit
855 3458 1016 3542 jaculatas
1030 3457 1140 3521 fraude
1158 3460 1299 3540 sagittas.

487 3562 562 3626 Non
578 3562 662 3625 sicut
676 3560 794 3624 cecinit
808 3560 953 3642 sponsali
968 3560 1108 3624 carmine
1124 3571 1222 3637 vates,

492 3663 605 3727 Mellia
619 3673 696 3727 tunc
711 3660 813 3726 roseis
828 3660 1009 3725 haerescunt
1022 3662 1112 3724 labra
1125 3661 1263 3740 labellis,

493 3763 612 3827 Dulcia
625 3760 684 3825 sed
698 3761 819 3825 Christi
833 3762 1015 3826 lentescunt
1029 3760 1119 3823 labra
1133 3760 1268 3825 labellis.

488 3866 589 3931 Venit
602 3865 645 3930 ad
658 3876 838 3929 extremum
855 3866 942 3946 virgo
957 3874 1116 3927 cunamen
1132 3861 1252 3940 adulta,

488 3967 591 4031 Daris
604 3967 734 4031 vestalis
750 3967 888 4031 formosa
902 3966 1004 4029 fronte
1019 3967 1213 4041 rubescens;

489 4069 594 4132 Aures
608 4088 683 4132 cum
697 4070 824 4150 glaucis
838 4089 934 4154 quam
950 4065 1050 4130 comit
1062 4068 1173 4131 lunula
1188 4067 1332 4148 gemmis.

488 4170 611 4233 Nititur
625 4170 695 4234 haec
706 4172 860 4256 juvenem
877 4169 1011 4234 Veneris
1026 4171 1244 4251 constringere
1259 4190 1358 4251 nexu,

489 4274 656 4346 Quatenus
670 4274 712 4338 sd
728 4276 860 4339 thalami
874 4275 985 4339 flectat
998 4274 1163 4339 connubia
1177 4284 1327 4339 mentem.

489 4375 573 4439 Haec
588 4376 756 4458 phalerata
770 4377 829 4441 suit
843 4374 993 4440 facundis
1009 4376 1089 4439 freta
1102 4376 1248 4459 loquelis.

491 4476 641 4559 Denique
657 4477 767 4541 diserti
781 4488 972 4561 stupuerunt
985 4477 1064 4540 forte
1081 4477 1234 4559 magistri,

492 4575 634 4657 Virginis
646 4576 812 4659 ingenium
827 4578 989 4640 biblorum
1006 4578 1123 4642 famine
1139 4581 1270 4645 cultum.
