3759 5425
477 677 539 740 188

791 696 835 746 1)ss
849 697 1013 746 muninus
1026 697 1205 746 vrautrturr.

557 845 643 912 Tum
658 844 737 912 bino
752 848 894 934 spadone
907 849 969 917 fnit
981 849 1130 916 comitata
1144 850 1265 932 virago,

559 945 711 1031 Suspicio
726 959 764 1014 ut
776 952 896 1017 nullam
910 962 1022 1036 posset
1035 971 1185 1034 generare
1200 949 1375 1034 querelam.

560 1047 660 1114 Hanc
674 1050 767 1115 Deus
779 1051 940 1118 insontem
955 1055 1027 1139 pius
1042 1051 1214 1116 auxiliator
1227 1060 1376 1133 egentum

558 1146 738 1216 Clementis
751 1150 875 1218 deatum
889 1154 1007 1238 clypeo
1021 1153 1164 1238 protexit
1177 1152 1343 1224 inermem,

561 1247 609 1312 Ut
622 1249 740 1314 cecinit
754 1252 878 1316 dudum
891 1253 1032 1318 famosus
1046 1251 1187 1318 carmine
1202 1258 1311 1316 vates:

561 1347 647 1413 Nam
661 1353 795 1418 mentita
807 1352 867 1418 fuit
881 1354 1057 1439 strophosis
1071 1354 1181 1436 lingua
1194 1351 1342 1437 loquelis,

561 1447 759 1519 Criminibus
772 1455 873 1540 stupri
887 1455 995 1520 nitens
1008 1453 1158 1520 &muare
1172 1455 1335 1539 puellam

562 1547 629 1614 Sed
642 1561 734 1636 pater
746 1555 961 1639 omnipotens,
975 1557 1031 1640 qui
1046 1565 1166 1620 cuncta
1177 1553 1311 1619 latentis
1324 1553 1439 1626 noscit,

562 1645 707 1736 Virginis
719 1653 848 1720 intactoe
862 1657 966 1720 voluit
978 1667 1154 1721 monstrare
1167 1654 1347 1739 triumphos

560 1749 734 1816 Auctorem
748 1753 876 1818 sceleris
889 1756 1014 1840 populo
1027 1762 1185 1839 praesente
1200 1753 1378 1818 revincens.

561 1848 655 1916 Sicut
668 1863 814 1920 matrona
826 1855 963 1920 stimulis
977 1857 1097 1939 agitata
1109 1855 1254 1938 maligni,

562 1951 723 2018 illustrem
738 1955 859 2021 Christi
873 1957 1025 2020 famulam
1041 1977 1186 2022 sermone
1202 1955 1332 2040 procaci

562 2053 750 2122 Deformarc
765 2057 883 2136 studet,
896 2071 1016 2123 naturae
1029 2057 1324 2144 jurareseindens3

563 2153 619 2218 Sic
633 2153 747 2220 iterum
761 2156 886 2236 infelix,
900 2159 1005 2243 plebis
1021 2160 1157 2223 vallante
1172 2178 1300 2236 corona,

563 2254 687 2337 Magna
701 2257 951 2323 cachinnantum
966 2268 1127 2343 pateretur
1140 2258 1264 2323 ludicra
1277 2278 1403 2336 vocum,

563 2353 722 2421 Plecteret
736 2368 770 2420 et
781 2356 896 2420 merito
910 2359 1015 2421 vultus
1030 2356 1176 2421 conlusio
1191 2376 1331 2420 noxam:

564 2457 611 2522 Ut
624 2478 789 2542 nunquam
804 2457 915 2522 dicant
929 2467 1041 2541 gentes
1056 2458 1111 2521 ubi
1125 2469 1175 2522 est
1189 2457 1280 2520 Dens
1293 2453 1431 2520 horum?

608 2558 731 2623 floruit
744 2559 778 2623 in
793 2560 914 2623 mundo
929 2557 1076 2644 quaedam
1092 2559 1279 2642 rirgrmcula
1293 2557 1422 2633 Christi,

565 2661 668 2743 agne
682 2659 737 2726 cni
751 2681 871 2727 nomen
884 2660 982 2746 prisci
996 2659 1107 2725 dixere
1122 2669 1271 2744 parentes
1279 2679 1289 2733 ;

565 2762 694 2846 Inclyta
706 2762 778 2826 hoec
792 2763 893 2827 fuerat
906 2764 1048 2845 fragrans
1062 2762 1177 2825 virtute
1190 2760 1333 2845 pudoris,

431 2942 435 2949 .
561 2861 682 2928 AEtatie
696 2862 845 2928 decimus
858 2884 919 2927 neo
934 2883 1001 2926 non
1017 2872 1049 2927 et
1064 2862 1175 2927 tertius
1191 2882 1305 2925 annus.

567 2964 719 3029 fluxerat
731 2965 767 3027 in
780 2963 872 3027 terris
887 2983 963 3029 cnm
976 2962 1080 3047 primo
1095 2962 1245 3045 glisceret
1259 2983 1338 3040 aero,

564 3065 714 3130 illuviem
727 3065 841 3129 mundi
856 3072 1067 3129 contemnens
1081 3063 1178 3127 eorde
1193 3063 1376 3139 nefandam,

563 3166 629 3232 Sed
642 3185 760 3252 procus
772 3165 929 3229 illustrem
943 3166 1086 3249 praefecti
1100 3164 1187 3228 filins
1200 3165 1338 3246 Agnarn,

563 3268 629 3341 Qui
640 3268 780 3332 famosus
794 3274 872 3347 erat,
885 3266 983 3350 regali
998 3268 1084 3332 fasce
1097 3277 1234 3350 togatus,

561 3368 719 3437 Subnixia
731 3368 882 3454 precibus
897 3368 1045 3432 thalamis
1060 3367 1241 3433 adsciscere
1256 3366 1372 3443 nitens,

564 3476 671 3540 Aurea
684 3493 758 3537 cum
773 3472 877 3537 rubris
891 3473 983 3536 offert
996 3470 1173 3555 crepundia
1187 3471 1302 3555 pannis
1314 3492 1322 3533 ε

566 3574 636 3638 Neo
651 3592 718 3650 non
733 3570 855 3653 argenti
869 3567 1060 3654 spondendo
1075 3572 1169 3655 plura
1184 3571 1313 3647 talenta,

565 3673 687 3738 Nititur
700 3669 854 3735 intactam
868 3669 1027 3735 donorum
1041 3670 1149 3735 fallere
1164 3671 1263 3747 usco,

565 3774 660 3842 Sicut
673 3793 764 3838 arem
779 3772 879 3837 neofit
892 3773 1025 3839 nodosis
1040 3774 1159 3839 retibus
1172 3794 1300 3859 anceps.

565 3876 632 3942 Sed
647 3895 725 3939 mox
739 3874 917 3939 lethiferam
931 3876 1032 3941 sensit
1045 3876 1232 3957 virguncula
1246 3874 1383 3953 cladem,

564 3976 717 4043 Crebrius
731 3974 872 4040 hauriret
886 3976 914 4039 si
928 3996 1062 4059 spurcas
1077 3996 1130 4040 ore
1145 3976 1300 4060 loquelas,

563 4077 630 4143 Aut
644 4076 822 4160 pulsaretur
834 4075 997 4157 probrosis
1011 4075 1100 4158 virgo
1114 4075 1239 4140 labellis

564 4173 783 4258 Muscipulam
797 4183 942 4237 metuens
957 4174 1077 4259 sprevit
1090 4195 1235 4239 sermone
1249 4174 1422 4259 petulcum.

565 4277 652 4341 Nam
668 4294 818 4358 sponsam
833 4274 943 4357 potius
957 4272 1137 4358 spondebat
1150 4296 1184 4338 se
1198 4274 1266 4337 fore
1282 4273 1412 4350 Christi,

564 4373 720 4457 Virgineo
735 4395 861 4458 semper
873 4384 1048 4437 servantem
1064 4372 1183 4437 foedere
1197 4390 1323 4455 corpus,

566 4473 631 4549 Qui
646 4494 680 4539 se
695 4475 753 4538 rite
768 4473 944 4540 subarravit
958 4496 1031 4538 cunr
1047 4472 1122 4539 dote
1138 4473 1224 4550 fidei,
