3759 5425
453 660 495 716 72
808 674 835 718 S.
849 672 1026 721 annuum
1042 675 1145 721 troas

454 825 622 905 extitisset,
641 835 766 910 utpote,
787 828 843 911 qui
862 829 951 892 solus
972 839 1127 913 nepotum
1149 840 1182 892 et
1201 839 1416 914 pronepotum
1437 829 1504 914 pia·

455 930 530 993 cula
551 929 674 1014 proprii
701 929 913 1012 praerogativa
938 931 1043 994 meriti
1067 932 1195 995 abolere
1223 933 1389 1015 potuisset,
1412 943 1448 996 ut
1470 934 1505 996 in

454 1029 610 1096 Basileon
624 1032 665 1095 de
679 1032 807 1114 regibus
821 1032 935 1115 prisce
950 1033 1031 1114 legis
1046 1054 1214 1098 censuram
1225 1036 1507 1118 praevaricantibus

456 1154 542 1216 saepe
558 1144 688 1198 cautum
703 1145 766 1197 est:
788 1136 864 1198 Non
874 1137 1067 1216 extinguam
1079 1137 1259 1198 sciutilhrm
1271 1136 1392 1215 Dauid,
1402 1147 1508 1198 tamen

453 1237 569 1301 relicto
584 1237 787 1320 virginitatis
802 1247 888 1301 statu
903 1239 999 1302 Urias
1013 1239 1125 1302 insons
1138 1239 1341 1316 interimitur,
1357 1240 1508 1302 Bersabae

454 1340 609 1422 inlegimo
617 1340 800 1424 jugalitatis
817 1340 947 1405 vincrdo
966 1339 1151 1418 foederatur,
1169 1348 1202 1404 et
1218 1361 1277 1423 pro
1299 1341 1360 1403 hac
1383 1340 1507 1404 temeri-

455 1451 521 1504 tate
547 1442 712 1525 expianda
734 1442 875 1505 coelestis
899 1443 954 1506 irae
980 1463 1134 1506 mucrone
1162 1444 1269 1525 proles
1292 1442 1508 1527 primogenita

456 1543 644 1625 percutiarr,
657 1543 736 1607 licet
749 1543 881 1626 inquam
900 1552 1035 1626 uterque
1050 1543 1241 1626 patriarcba,
1256 1542 1409 1628 quamdiu
1430 1563 1508 1606 aurs

456 1642 597 1708 aetberea
620 1654 654 1706 et
678 1643 766 1706 vitali
795 1642 927 1707 flamine
956 1654 1146 1722 vesceretur,
1174 1665 1320 1727 supernae
1349 1642 1507 1727 majestati

457 1741 656 1823 gratiamur
677 1742 835 1820 extiterat,
850 1753 901 1806 ast
922 1754 1030 1806 tamen
1053 1755 1127 1826 post
1149 1745 1285 1808 carnalis
1303 1744 1508 1821 consortium,

457 1845 583 1927 copulae
597 1843 638 1907 de
653 1856 788 1928 utroque
804 1844 929 1908 minora
943 1846 1090 1908 virtutum
1106 1844 1268 1927 preconia
1283 1845 1498 1908 crebrescunt

502 1944 640 2009 Samson
660 1947 716 2008 ille
731 1946 899 2009 Nazareus
920 1946 961 2008 ab
983 1945 1056 2027 ipsa
1076 1945 1254 2027 gracillima
1275 1945 1507 2008 cunabulorum

459 2048 590 2110 aetatula
611 2047 753 2110 Domino
779 2046 920 2129 septenis
950 2045 1090 2110 crinibus
1115 2067 1206 2108 sacru
1231 2058 1402 2130 autequam
1425 2044 1508 2108 frau-

457 2148 598 2212 dulentis
606 2148 723 2210 Dalilae
734 2148 959 2230 complexibus
974 2160 1152 2231 caperetur,
1165 2161 1197 2211 et
1207 2147 1323 2232 perfidi
1337 2149 1508 2232 pellicatus

457 2270 568 2338 stupro
594 2254 752 2318 enerviter
776 2253 933 2336 deceptus
962 2254 1160 2318 illecebrosis
1187 2254 1340 2318 lenocinii
1367 2253 1510 2317 nexibus

457 2356 639 2422 nodaretur.
685 2354 841 2418 Nondum
867 2356 948 2419 ferro
971 2355 1101 2439 dempta
1123 2357 1344 2420 cincinnorum
1369 2355 1510 2434 caesarie,

458 2459 589 2544 quantis
611 2457 836 2520 miraculorum
860 2457 960 2538 signis
986 2467 1018 2521 et
1043 2459 1194 2522 virtutum
1215 2457 1396 2520 rumoribus
1418 2457 1507 2520 omui

460 2561 580 2625 sarculo
594 2580 698 2644 usque
712 2557 754 2623 ad
775 2557 811 2619 id
833 2567 959 2641 tempus
984 2559 1160 2641 inexpertis
1179 2557 1334 2621 effulsisse
1358 2557 1508 2639 devulga-

458 2676 519 2730 tur.

395 2766 398 2770 ’
501 2767 590 2829 LIV.
613 2766 716 2846 Igitur
741 2767 825 2829 sicut
849 2786 946 2849 snpra
971 2765 1136 2829 retulimus
1164 2786 1222 2849 per
1253 2765 1449 2828 Hieremiam
1477 2776 1510 2827 et

458 2869 629 2933 Danielem
651 2876 847 2950 ceterosque
869 2866 1013 2950 ejusdem
1036 2868 1192 2951 propositi
1217 2876 1380 2929 consortes
1399 2875 1432 2928 et
1451 2865 1510 2927 flo-

458 2970 557 3033 rentis
580 2968 745 3052 pudicitiae
769 2969 897 3032 sodales
916 2971 1021 3033 lutura
1040 2970 1198 3034 incarnati
1216 2968 1313 3031 Verbi
1334 2967 1510 3047 Virginitas

456 3070 602 3152 mysticis
617 3070 895 3132 sacramentorum
910 3070 1209 3133 obumbrationibus
1224 3070 1432 3151 figurabatur:
1457 3070 1509 3133 Ita

458 3192 516 3256 per
529 3172 613 3233 Abel
626 3171 785 3233 insontem
807 3171 892 3234 mitis
912 3172 1097 3237 innocentia
1117 3184 1148 3235 et
1162 3172 1281 3257 passio,
1296 3192 1353 3255 per
1367 3170 1510 3235 Melchi-

458 3271 578 3336 sedech
604 3291 679 3335 vero
704 3293 849 3355 supemae
875 3274 1043 3355 potestatis
1066 3274 1272 3337 Pontificium
1304 3280 1337 3335 et
1368 3270 1511 3336 coelestis

456 3373 567 3438 infutae
590 3374 799 3438 flamminium
822 3375 1083 3457 praesignabatur,
1098 3397 1232 3458 quorum
1254 3376 1350 3458 prior,
1363 3386 1400 3438 ut
1414 3374 1509 3437 altius

457 3488 605 3559 repetens
618 3476 661 3539 ab
677 3474 799 3557 origiue
822 3473 972 3559 pandam,
987 3486 1119 3559 propter
1138 3475 1332 3558 dignitosam
1353 3476 1506 3539 innocen·

457 3577 511 3641 tite
526 3578 677 3661 palmam,
692 3586 725 3641 et
739 3575 903 3658 originalis
924 3577 1089 3659 patientie
1111 3577 1236 3640 titulum
1260 3588 1366 3659 spreto
1380 3577 1510 3641 fraterni

457 3679 619 3744 libaminis
639 3677 796 3743 sacrificio
818 3688 886 3741 rata
907 3686 940 3740 et
962 3688 1048 3757 grata
1071 3677 1185 3741 divinis
1207 3679 1435 3762 conspectibus
1449 3678 1509 3743 ho·

457 3784 701 3857 locaustomata,
710 3778 833 3861 primus
847 3778 1027 3841 mortalium
1043 3780 1155 3842 offerre
1170 3780 1356 3861 promeruit,
1367 3790 1400 3841 et
1414 3777 1510 3862 hujus

458 3880 504 3943 rei
520 3880 622 3962 gratia
636 3900 655 3942 a
670 3878 794 3963 perfido
815 3889 848 3941 et
865 3877 1006 3942 nefando
1029 3877 1123 3942 fratre
1145 3879 1367 3943 inextricabile
1390 3900 1510 3961 germa-

457 3979 568 4044 nitatis
582 3980 746 4044 vineulum
766 3990 877 4043 contra
890 3979 947 4064 jus
968 3978 1113 4042 divinum
1128 3992 1159 4044 et
1173 3982 1220 4043 sas
1235 3980 1410 4045 humanum
1425 4002 1509 4045 rum·

460 4090 557 4167 pente
580 4080 750 4145 crudeliter
772 4091 957 4144 cruentatus
979 4082 1113 4145 futuram
1129 4082 1162 4144 in
1179 4082 1242 4145 fine
1259 4084 1447 4147 sreculorum
1464 4081 1512 4164 pii

458 4183 667 4266 redemptoris
690 4183 791 4246 nostri
814 4184 997 4267 passionom
1016 4206 1175 4268 purpureo
1197 4188 1326 4269 pretiosi
1347 4186 1512 4269 sanguinis

458 4298 544 4349 ostro
580 4284 805 4368 praefiguravit.
855 4286 915 4347 Ast
950 4306 1024 4348 rero
1058 4287 1301 4351 Melchisedech
1337 4288 1511 4351 inchoante

458 4388 550 4451 tertia
578 4387 686 4449 secut
716 4397 807 4449 oetate
838 4387 966 4462 florens,
992 4396 1024 4449 et
1049 4388 1170 4469 primus
1197 4390 1312 4451 summi
1340 4388 1510 4452 sacerdotii

462 4490 615 4572 dignitate
631 4488 789 4551 subnixus
804 4509 841 4551 ac
854 4487 1006 4571 preclaro
1018 4486 1227 4553 Pontificatus
1241 4490 1333 4573 apice
1349 4490 1513 4571 preditus,
