3759 5425
646 766 1054 826 arrsromanscrncron,
1070 767 1141 813 erc.
1360 752 1425 813 tlt

371 940 463 983 mum
476 919 704 997 reformabunt,
717 931 755 985 ut
768 921 872 985 amavi
887 931 1083 999 amaverunt,
1097 919 1207 1003 rogavi
1225 931 1426 1003 rogaverunt,

371 1020 480 1086 dicavi
502 1020 700 1100 dicaverunt,
722 1021 807 1105 piavi
829 1021 1008 1106 piaverunt,
1029 1020 1116 1085 unde
1138 1021 1354 1105 compositum
1376 1033 1426 1085 est

370 1121 513 1205 expiavi,
539 1122 644 1186 volavi
669 1124 867 1202 volaverunt,
891 1123 997 1189 meavi
1021 1130 1218 1202 meaverunt,
1244 1122 1339 1187 beavi
1369 1122 1425 1187 bc·

371 1231 516 1301 averunt,
531 1234 585 1288 ut:

370 1528 474 1592 rotavi
487 1536 682 1608 rotaverunt,
695 1528 816 1611 plicavi
831 1527 1043 1612 plicaverunt,
1058 1538 1089 1593 ot
1112 1526 1213 1611 plicui
1231 1528 1425 1611 plicuerunt,

370 1639 539 1713 utramque
553 1628 687 1694 formam
702 1629 865 1715 sequitur3
887 1627 975 1694 unde
990 1629 1205 1713 compositum
1220 1629 1382 1715 explicavi
1393 1640 1427 1695 et

372 1730 537 1813 explicui3
559 1740 597 1794 ut
616 1730 720 1795 illud:
743 1732 790 1795 Et
811 1752 886 1797 cum
907 1732 1151 1814 complicuisset
1170 1733 1298 1797 librum.
1343 1733 1425 1805 Qure

372 1852 449 1894 vero
471 1832 666 1915 preteritum
693 1832 729 1895 in
760 1833 808 1897 -ui
832 1832 965 1897 mittunt
984 1833 1069 1897 hanc
1091 1834 1241 1913 refutant,
1266 1840 1304 1897 ut
1328 1854 1425 1919 crepo

373 1931 494 2014 crepui,
510 1941 587 1996 tono
608 1933 711 2010 tonui,
723 1932 810 1997 mico
832 1932 942 2008 micui,
958 1933 1037 1997 frico
1059 1933 1162 2013 fricui,
1184 1933 1281 1999 domo
1302 1934 1425 1999 domui.

373 2034 460 2097 Nam
477 2045 682 2118 crepuerunt,
696 2042 882 2114 tonuerunt,
902 2035 1095 2115 micuerunt,
1109 2036 1295 2115 fricuerunt,
1309 2036 1423 2101 domu·

374 2142 479 2212 erunt,
499 2154 566 2198 non
587 2134 750 2219 epitritum
772 2136 911 2220 primum
934 2136 993 2201 sed
1015 2137 1159 2202 ionicum
1180 2139 1337 2203 minorem
1360 2160 1426 2203 am-

373 2236 569 2320 plectuntur.
614 2235 661 2299 Et
693 2236 874 2301 notandum
907 2237 996 2322 quod
1026 2238 1154 2303 Phocas
1190 2240 1428 2305 Grammaticus

373 2337 571 2421 praeteritum
592 2348 721 2422 tempus
742 2338 822 2403 frico
844 2338 937 2403 fricui
959 2340 1133 2421 exposuit,
1156 2340 1331 2421 Gregorius
1352 2360 1427 2405 vero

372 2440 407 2502 in
431 2440 525 2503 tertio
549 2438 669 2522 dialogi
692 2440 853 2503 volumine
873 2461 941 2503 non
963 2439 1073 2503 fricuit
1094 2438 1152 2503 sed
1174 2439 1299 2504 fricavit
1320 2441 1428 2505 retulit
1498 2482 1503 2493 ·

374 2543 507 2621 dicens,
528 2544 657 2609 Faciem
679 2542 823 2609 dehmeti
845 2544 988 2609 fricavit:
1012 2552 1045 2607 et
1065 2544 1159 2621 infra,
1182 2543 1331 2629 Cumque
1355 2542 1426 2609 diu·

373 2648 439 2712 tius
453 2645 627 2724 fricaretur,
642 2645 702 2711 &c

418 2749 462 2812 l).
483 2749 666 2812 Possuntne
701 2748 873 2834 participia
912 2745 1141 2832 hujuscemodi
1183 2743 1427 2809 definitionibus

373 2848 503 2933 epitrito
524 2849 627 2932 primo
654 2849 819 2934 subjugari
828 2848 934 2912 t-M.
962 2845 1242 2921 Quemadmodum
1265 2843 1427 2926 significa-

374 2953 481 3016 tiones
494 2949 732 3035 participiorum
747 2951 788 3014 ab
803 2949 996 3015 inchoativis
1010 2947 1181 3032 speciebus
1195 2946 1360 3012 venientes
1370 2966 1429 3029 per

375 3052 552 3136 genitivum
570 3051 748 3136 antespasti
770 3052 899 3134 legibus
920 3050 1063 3135 patuisse
1083 3047 1153 3134 jam
1178 3047 1357 3126 retulimus,
1382 3044 1428 3112 ita

373 3153 451 3216 huic
466 3151 594 3235 epitrito
607 3171 667 3236 per
681 3150 824 3214 dativum
847 3149 1012 3231 suffingari
1035 3155 1263 3223 contestamur,
1277 3153 1314 3209 ut
1327 3144 1426 3208 nites·

373 3274 460 3318 cens
481 3253 662 3331 nitescenti,
690 3254 867 3317 rubescens
894 3248 1089 3324 rubescenti,
1118 3258 1288 3331 tepescens
1318 3254 1426 3329 tepes-

375 3356 481 3432 centi3
504 3355 552 3419 sic
578 3353 779 3431 tumescenti,
804 3351 977 3430 fatiscenti,
1001 3350 1215 3422 tremescenti,
1244 3348 1427 3426 calescenti,

375 3457 548 3522 acescenti.
593 3458 645 3520 lta
659 3477 789 3541 quoque
804 3454 901 3518 futuri
923 3452 1075 3536 temporis
1097 3450 1265 3533 participia
1286 3471 1306 3514 a
1327 3451 1428 3513 forma

375 3560 519 3645 perfecta
530 3559 643 3644 primae
665 3556 902 3643 conjugationis
924 3554 1076 3630 derivata,
1091 3571 1165 3635 quae
1186 3552 1220 3614 in
1241 3550 1427 3633 pyrrhichio

376 3662 502 3744 digesta
515 3669 600 3739 sunt,
614 3681 674 3744 per
688 3679 800 3722 omnes
818 3677 924 3734 casus,
939 3653 1088 3736 exceptis
1109 3651 1317 3728 nominativo,
1331 3669 1427 3714 aecn-

375 3763 488 3840 satiro,
513 3761 661 3825 vocativo
686 3759 902 3842 singularibus
928 3767 961 3819 et
985 3751 1125 3837 genitivo
1147 3749 1273 3836 plurali,
1298 3749 1428 3831 epitrito

375 3864 479 3948 primo
508 3863 711 3936 famulantur,
741 3871 779 3924 ut
807 3859 928 3924 litaturi
954 3857 1084 3920 litaturo
1109 3851 1246 3916 litaturis
1270 3851 1427 3916 litaturos.

375 3965 431 4029 Sic
453 3964 600 4042 amaturi,
615 3963 785 4047 crepaturi,
799 3960 936 4037 beaturi,
958 3955 1102 4032 meaturi,
1115 3954 1254 4038 ligaturi,
1276 3953 1429 4032 fricaturi,

374 4067 535 4152 plicaturi,
549 4067 706 4144 necaturi,
721 4063 879 4147 negaturi,
894 4060 1023 4126 araturi.

420 4171 464 4234 D.
487 4170 541 4233 Da
562 4170 705 4252 regulam
727 4166 895 4232 divisionis
910 4174 945 4229 et
963 4162 1151 4248 qualitatem
1166 4155 1428 4241 prosodia-M.

375 4270 510 4355 Epitriti
532 4269 662 4354 quidem
684 4269 909 4353 predictarum
931 4264 1061 4347 legibus
1082 4258 1277 4325 divisionum
1298 4255 1429 4318 minime

375 4373 615 4454 gubcmantur3
648 4378 682 4434 et
710 4371 787 4454 quia
814 4365 994 4450 penultima
1024 4361 1144 4447 epitriti
1179 4356 1274 4443 primi
1304 4357 1429 4441 syllaba

375 4474 509 4550 acuitur,
525 4473 560 4534 in
575 4470 638 4534 arsi
653 4471 766 4553 procul
781 4461 881 4531 dubio
904 4463 1102 4542 colliguntur
1117 4466 1261 4541 tempora
1282 4465 1383 4534 terna,
1397 4465 1429 4520 et

376 4577 410 4638 in
425 4574 509 4639 thesi
525 4583 687 4656 quaterna.
