3759 5425
458 584 521 643 232
736 601 892 650 nnrsrons
908 604 952 650 an
966 602 1143 669 someron,
1160 608 1234 654 nnc.

461 752 588 817 Phocus
610 774 739 839 quoquc
766 756 1001 823 Grammaticus
1030 761 1133 842 primo
1163 783 1256 827 versu
1280 758 1507 849 synalepham

460 854 618 937 explodit,
632 854 762 920 dicens:

598 954 652 1007 Ars
663 970 723 1007 mea
734 954 871 1009 multorum
883 962 923 1009 est
934 974 999 1025 quos
1009 958 1104 1013 neuls
1113 960 1199 1031 prisca
1209 960 1331 1015 tulerunt

460 1042 607 1108 Isidorus
622 1066 695 1108 vero
710 1046 836 1109 vocales
851 1046 936 1109 elisit
949 1046 1012 1110 ita:

598 1142 768 1213 Argutusque
779 1142 846 1196 inter
856 1141 949 1197 lutices
960 1150 988 1197 et
997 1146 1095 1197 musica
1105 1144 1196 1200 flabra.

457 1242 503 1303 Et
516 1239 670 1321 Virgilius
682 1241 741 1303 lib.
755 1242 817 1305 Xl.

597 1337 731 1391 Oceanum
741 1338 840 1392 interea
851 1356 960 1408 ungens
971 1341 1072 1395 Aurora
1083 1340 1195 1411 reliquit

459 1435 550 1499 ldem
574 1436 631 1499 lib.
653 1437 730 1499 VII.
754 1436 910 1501 AEneidos
931 1438 967 1501 in
989 1459 1054 1502 uno
1076 1460 1170 1503 versu
1192 1441 1335 1521 geminas
1361 1442 1504 1524 Synalae·

456 1538 539 1623 phas
553 1549 586 1601 et
600 1537 747 1621 Eclipsin
763 1539 1008 1622 comprehendit
1020 1540 1083 1604 ita:

596 1643 674 1696 Nunc
685 1648 784 1716 repeto,
796 1644 926 1698 Anchises
937 1643 1048 1697 fatorum
1059 1662 1153 1699 arcuna
1162 1644 1275 1716 reliquit.

456 1746 629 1820 scanditur
653 1756 737 1819 enim
766 1756 821 1834 ita,
852 1755 951 1819 Nunc
975 1766 1075 1839 repet,
1104 1760 1222 1839 Anchi,
1250 1779 1302 1823 eea
1316 1760 1378 1841 sc,
1403 1770 1503 1844 torar,

455 1874 539 1919 cona
559 1874 607 1935 re,
622 1856 727 1939 liquit.
774 1856 840 1921 Sed
861 1858 922 1921 bos
945 1858 1027 1923 duos
1048 1863 1278 1945 metaplasmos
1298 1884 1386 1947 saepe
1399 1866 1501 1930 umbi-

455 1958 561 2040 guitas
583 1958 761 2022 scandendi
783 1961 964 2038 conturbat,
990 1983 1071 2045 quos
1094 1964 1165 2026 talis
1188 1961 1391 2029 discretionis
1410 1966 1502 2032 diffe-

452 2057 554 2121 rentia
583 2057 710 2121 dirimit.
756 2058 791 2123 Si
820 2060 906 2142 prior
935 2061 1055 2124 vocalis
1079 2062 1282 2147 explodatur,
1311 2065 1370 2128 erit
1399 2067 1501 2150 Syna·

452 2157 568 2245 lumba,
583 2160 611 2223 si
632 2161 789 2244 posterior
811 2162 904 2226 suerit
926 2162 1072 2247 explosa,
1087 2165 1147 2228 erit
1168 2166 1308 2250 eclipsis.
1353 2168 1445 2231 Sicut
1464 2168 1501 2232 in

452 2261 625 2325 novissimo
642 2282 732 2324 versu
745 2260 820 2323 libri
835 2260 962 2342 Regum
978 2274 1108 2326 cautum
1123 2264 1255 2347 legitur:

593 2358 733 2430 Purpureis
744 2358 827 2430 major
839 2357 979 2411 Persarum
989 2359 1017 2411 in
1028 2360 1091 2413 sede
1102 2363 1226 2429 tyrannis.

451 2448 606 2528 Virgilius
627 2448 705 2512 item
725 2447 808 2511 libro
831 2468 927 2530 quem
942 2447 1158 2532 Paedegogum
1175 2451 1388 2535 praetitulavit,
1406 2454 1499 2539 cujus

450 2550 644 2634 principium
659 2560 725 2615 est:

592 2658 716 2714 Carmine
727 2660 749 2713 si
760 2658 863 2724 fiterint,
876 2665 903 2713 te
912 2659 1009 2731 judice,
1021 2660 1101 2730 digna
1111 2660 1207 2729 msere,

661 2745 796 2800 Reddetur
808 2746 907 2810 titulus,
918 2762 1111 2818 purpureusque
1122 2750 1200 2801 nitor.

590 2834 618 2886 Si
630 2832 725 2897 minus,
736 2834 839 2885 aestivas
850 2834 947 2904 puteris
957 2833 1106 2887 convolvere
1117 2835 1216 2900 sardas,

658 2918 716 2973 Aut
727 2919 799 2989 piper
810 2925 857 2972 aut
867 2917 953 2973 calum
964 2919 1024 2973 binc
1035 2922 1135 2993 operire
1145 2939 1235 2975 nuces.

449 3032 612 3118 Syllabam
627 3030 714 3094 elisit
728 3031 858 3096 dicens:

588 3131 691 3184 Durum
702 3133 751 3184 lter
762 3132 861 3186 stritus
872 3150 983 3202 magnus
994 3133 1076 3188 labor.

447 3231 493 3294 Et
515 3231 629 3293 Arator
651 3227 878 3294 Subdiaeonus
901 3231 1006 3314 primo
1030 3253 1122 3296 versu
1142 3233 1339 3296 terminalem
1363 3235 1495 3317 genitivi

448 3335 603 3419 syllabam
618 3331 768 3416 displosit
782 3331 911 3395 dicens:

586 3429 721 3483 Mrenibus
731 3427 837 3484 undosis
848 3427 974 3481 bellorum
984 3429 1104 3483 incendis
1115 3447 1232 3488 cerneus.

447 3533 493 3596 Et
504 3531 587 3595 infra
601 3529 745 3616 elegiaco
759 3549 853 3592 versu
867 3526 1044 3611 subjunxit,

624 3627 708 3695 Inque
718 3625 832 3678 humeris
843 3623 948 3678 terimur
958 3629 985 3677 te
996 3623 1130 3680 relevante
1140 3627 1200 3697 piis.

448 3729 493 3792 Et
507 3725 652 3791 Andreas
667 3733 789 3788 orator:

626 3820 709 3876 Filius
721 3822 829 3891 (inquit)
842 3822 897 3892 ipse
907 3821 1028 3885 bominis,
1041 3823 1085 3890 qul
1097 3821 1162 3874 deus
1174 3827 1215 3874 est
1225 3821 1344 3886 bominis,

447 3935 616 4010 propterca
641 3939 779 4002 namque
805 3919 864 3984 has
890 3918 970 3982 duas
995 3919 1273 4002 metaplasmorum
1298 3919 1425 4002 species
1449 3939 1493 3982 ex

447 4046 579 4093 numero
606 4023 730 4088 XXIV.
757 4021 908 4103 indagare
934 4032 968 4085 et
995 4023 1169 4105 explanare
1192 4023 1282 4086 nisus
1310 4043 1391 4100 sum,
1417 4023 1492 4106 quia

446 4153 505 4218 per
535 4148 628 4191 omne
658 4145 774 4208 corpus
804 4123 1001 4207 poeticorum
1029 4123 1182 4186 librorum
1211 4124 1288 4189 satis
1313 4124 1493 4206 frequenter

444 4233 570 4297 insertae
586 4239 669 4300 sunt,
686 4236 718 4291 et
735 4226 800 4289 nisi
815 4225 923 4307 sagaci
946 4225 1122 4289 subtilitate
1142 4227 1348 4310 praeeognitae
1362 4225 1490 4298 fuerint,

444 4333 569 4398 diversa
589 4329 888 4413 impedimentorum
911 4328 1077 4391 obstacula
1096 4327 1325 4394 scandentibus
1339 4348 1490 4410 generare

443 4435 556 4499 solent.
602 4427 728 4491 Idcirco
751 4425 892 4490 diversos
914 4447 1022 4490 versus
1042 4438 1213 4492 metrorum
1234 4427 1277 4491 ad
1294 4429 1490 4520 synuaephe

442 4531 684 4615 metaplasmum
713 4539 922 4609 congruentes
949 4529 1131 4592 catervatim
1157 4529 1387 4614 congessimus,
1409 4551 1489 4614 qua·
