3759 5425
619 796 772 841 uersrom
788 798 831 841 ro
846 796 1022 855 acinorum,
1040 798 1110 843 nro.
1326 783 1385 842 sel

326 968 407 1011 eam
432 968 586 1012 conversa
615 950 738 1014 literam
761 972 834 1034 quae
860 962 1051 1035 sequentem
1076 950 1210 1015 inchoat
1234 950 1386 1014 orationis

325 1050 536 1134 particulam,
550 1062 586 1114 ut
600 1063 676 1134 peto
692 1065 822 1135 appeto,
837 1064 890 1116 ut:

682 1158 770 1231 'l'rojae
780 1159 829 1212 sub
841 1160 970 1213 maenibus
981 1159 1041 1212 altis

474 1244 594 1312 Contigit
604 1250 738 1317 oppetere:

323 1370 463 1433 oppono
483 1350 631 1435 opposui,
646 1351 806 1415 occumbo
825 1352 975 1429 occubui,
991 1351 1075 1416 cedo
1096 1350 1210 1415 occido
1225 1350 1314 1436 quod
1334 1362 1383 1415 cst

325 1451 485 1533 patientis
503 1465 536 1515 et
554 1452 691 1534 agentis,
711 1463 747 1515 ut
766 1472 844 1516 ruo:
867 1464 1065 1516 ommutesco
1086 1453 1253 1531 ommutui,
1273 1454 1381 1519 officio

325 1553 427 1615 offeci
450 1550 496 1630 (id
517 1564 567 1617 est
588 1555 696 1635 nocui)
720 1555 820 1618 offero
841 1555 954 1618 obtuli.
999 1554 1052 1619 Ad
1074 1563 1191 1618 statum
1212 1554 1382 1640 pristinum

324 1674 466 1732 reverso,
489 1656 618 1719 offulcio
640 1656 757 1734 offulsi,
778 1658 903 1721 offusco
925 1656 1088 1735 offuscavi,
1109 1655 1213 1732 offuit,
1236 1656 1383 1730 offendit,

326 1757 482 1835 occurrit,
497 1758 657 1822 occalluit.
702 1760 742 1822 ln
756 1760 940 1843 praepositio
951 1758 1109 1825 interdum
1124 1780 1146 1821 n
1160 1759 1285 1824 literam
1300 1759 1334 1822 in
1348 1781 1379 1822 m

326 1870 518 1939 commutat,
539 1870 575 1923 ut
596 1860 670 1944 pius
691 1861 805 1945 pietas,
824 1861 945 1945 impius
966 1860 1122 1944 impietas,
1138 1860 1302 1945 improbus
1321 1861 1379 1924 im·

328 1960 487 2044 probitas,
501 1962 651 2046 imploro.
695 1962 860 2027 Cicereio
874 1963 957 2028 libro
968 1962 1040 2025 XV.
1063 1962 1184 2027 Omnes
1198 1963 1333 2048 imploro
1348 1974 1381 2028 et

328 2063 491 2140 obtestor3
521 2064 684 2141 immunis,
706 2063 903 2141 immunitas,
924 2064 1085 2141 immunis,
1105 2064 1297 2141 immanitas,
1318 2064 1379 2129 im·

327 2166 468 2252 punitas.
513 2169 713 2249 Augustinus
735 2167 829 2232 Afer:
862 2168 955 2233 Nihil
977 2180 1027 2233 est
1046 2167 1208 2233 infelicius
1230 2165 1381 2234 felicitate

328 2269 547 2354 peccantium,
562 2290 626 2352 quo
647 2269 785 2354 poenalis
805 2269 940 2333 nutritur
961 2270 1144 2353 impunitas.
1189 2271 1304 2335 Imbuo
1322 2272 1381 2335 im·

328 2372 429 2436 butus
450 2373 648 2436 immortalis.
693 2375 759 2436 Aut
779 2372 851 2456 ipsa
875 2372 1104 2457 praepositione
1129 2372 1251 2454 integra
1274 2371 1379 2436 cohae·

329 2474 432 2538 tentia
446 2486 699 2561 corrumpuntur,
713 2485 750 2538 ut
763 2476 868 2539 salsus
887 2476 1056 2557 impulsus,
1070 2474 1200 2557 sapiens
1214 2473 1380 2559 iusipiens,

330 2585 427 2658 aptus
441 2576 580 2660 ineptus,
595 2585 704 2639 castus
719 2576 869 2639 incestus.
915 2572 1086 2654 Virgiliusc

507 2684 534 2737 in
544 2682 674 2737 thalamos
685 2700 778 2737 susum
788 2683 916 2736 incestare
927 2696 1056 2745 novercam

329 2781 414 2846 facio
429 2781 550 2858 inficio,
560 2782 655 2866 capio
666 2781 800 2864 incipio,
810 2779 934 2844 amicus
943 2779 1106 2856 inimicus,
1117 2797 1230 2861 aequus
1238 2775 1379 2862 iniquus,

330 2902 440 2966 quaero
454 2883 592 2968 inquiro,
605 2884 725 2967 partior
738 2882 912 2966 impertior,
927 2891 1065 2946 armatus
1081 2881 1220 2959 inermis,
1229 2880 1380 2946 barbatus

330 2985 492 3063 imberbis,
506 2985 677 3050 damnatus
691 2984 864 3050 indemnis.
910 2984 982 3049 Con
997 2982 1181 3069 prepositis
1197 2995 1252 3047 sut
1265 2983 1379 3067 ipsaiu

331 3085 568 3170 compositione
595 3088 816 3172 corrumpitur,
844 3099 882 3152 ut
910 3108 1110 3164 commoveo,
1141 3085 1379 3165 commercium,

331 3208 403 3250 meo
425 3207 581 3265 commeo,
594 3199 718 3251 meatus
740 3198 946 3267 commeatus,
961 3189 1142 3266 corroboro,
1164 3207 1288 3266 corruo,
1311 3208 1380 3252 cor-

332 3308 456 3372 rumpo,
471 3288 639 3372 colloquor
652 3287 860 3370 colloquium,
875 3288 1000 3370 collega
1017 3286 1202 3369 collegium,
1217 3286 1378 3361 collectio,

333 3390 541 3467 collectanea,
562 3386 755 3454 colludium:
785 3397 841 3452 aut
859 3385 1054 3451 accedentes
1070 3387 1251 3453 orationum
1271 3399 1380 3472 partes

333 3491 517 3574 corrumpit,
528 3491 600 3574 ipsa
613 3501 761 3554 manente
774 3489 908 3570 integra,
916 3488 1017 3552 fateor
1031 3488 1189 3552 confiteor
1202 3490 1380 3568 confessos,

335 3592 459 3677 gradior
480 3591 670 3674 congredior
690 3609 892 3672 congressus,
914 3599 1029 3652 cantus
1052 3599 1239 3668 concentus,
1257 3588 1379 3654 scando

334 3694 525 3772 conscendo,
540 3704 645 3759 statuo
661 3691 834 3768 constituo,
849 3710 931 3755 cano
948 3689 1098 3767 concino,
1107 3689 1196 3774 jacio
1217 3689 1379 3776 conjicio;

335 3806 386 3862 ut:

473 3903 597 3975 Princeps
609 3900 744 3955 menum
755 3901 866 3973 conjecit
875 3897 997 3971 lampada
1008 3899 1129 3964 'l'urnus;

337 4002 415 4069 cado
440 4002 597 4080 concido,
633 4012 687 4065 ut:
721 4001 828 4074 Quare
855 3997 998 4064 concidit
1019 3999 1126 4063 vultus
1151 3995 1249 4062 tuus?
1287 4009 1379 4062 taceo

337 4105 497 4184 conticeo,
520 4115 572 4169 ut:

470 4205 625 4260 Conticuere
636 4221 725 4258 omncs
736 4205 881 4274 intentique
891 4221 937 4257 ors
949 4203 1090 4262 tenebant;

337 4304 417 4371 unde
438 4305 655 4370 inchoativum
678 4301 880 4377 conticesco;
912 4300 1066 4384 genitrice
1091 4296 1248 4362 Samuelis
1269 4297 1379 4361 vatici-

336 4419 448 4471 nante:
471 4408 516 4472 Et
529 4405 621 4490 impii
636 4407 670 4471 in
686 4403 824 4470 tenebris
839 4403 1073 4478 conticescent;
1103 4409 1195 4464 teneo
1217 4400 1381 4482 contineo,

338 4522 427 4594 tango
440 4511 606 4591 contingo,
620 4511 711 4574 caleo
734 4507 901 4586 conculco,
917 4505 1000 4571 facio
1020 4504 1170 4582 conficio,
1185 4503 1279 4588 capio
1302 4525 1379 4568 con·

340 4612 430 4697 cipio,
446 4633 554 4696 quaero
569 4612 737 4695 conquiro,
758 4609 893 4694 quaestio
913 4607 1116 4692 conquisitio.
1162 4607 1246 4670 Nsm
1268 4627 1382 4690 queror

840 4729 863 4774 r
