3759 5425
450 760 514 819 8⁷6
688 770 957 817 uraannuenur
974 770 1286 845 rammoancronn.

451 926 599 987 Attamen
621 945 689 986 non
716 934 883 987 uteorum
910 925 1001 988 Deus
1030 924 1243 1008 Omnipotens
1266 942 1347 1005 quos
1375 936 1503 1001 semper

450 1023 610 1107 glorificat
634 1045 762 1087 suorum
790 1023 935 1087 fidelium
964 1037 1128 1107 sperneret
1151 1026 1338 1099 orationem,
1356 1019 1413 1083 sed
1438 1040 1504 1102 quo

450 1127 569 1189 samam
594 1125 675 1188 servi
704 1125 754 1187 sui
782 1124 945 1187 Aldhelmi
974 1126 1095 1208 saepius
1123 1123 1324 1188 ostendendo
1345 1120 1506 1184 miracula

450 1228 569 1290 faceret
583 1224 817 1287 sublimiorem:
839 1224 926 1287 illam
943 1225 977 1287 in
992 1224 1186 1287 infirmitatis
1201 1223 1347 1308 periculo
1362 1234 1429 1283 tam
1446 1218 1505 1281 diu

450 1325 693 1390 misericorditer
716 1323 864 1403 detinuit,
885 1346 1054 1409 quousque
1077 1325 1291 1389 Melduncuse
1315 1321 1506 1387 coenobium

451 1428 572 1491 reniret
584 1427 669 1490 sicut
682 1424 892 1509 disposuerat.
936 1427 1087 1512 Denique
1107 1448 1181 1491 cum
1197 1426 1319 1489 ibidem
1339 1426 1373 1487 iu
1390 1420 1505 1487 Sancti

451 1528 544 1591 istius
559 1526 738 1591 festivitatis
751 1527 881 1607 vigilia,
895 1525 1013 1592 devota
1037 1536 1145 1591 menta
1159 1527 1224 1591 Dei
1248 1536 1428 1610 expectans
1442 1542 1507 1606 per

452 1630 535 1692 servi
550 1628 601 1691 sui
625 1627 771 1689 meritum
787 1627 1053 1704 consolationem,
1067 1638 1234 1711 prostrata,
1249 1627 1325 1710 quia
1349 1636 1433 1687 stare
1446 1643 1506 1685 ne-

451 1730 576 1813 quibat,
599 1727 738 1812 jaceretz
766 1728 909 1811 dumque
936 1730 1085 1811 religiosa
1115 1729 1347 1797 monachorum
1371 1729 1504 1799 cohors,

450 1845 526 1914 post
559 1832 708 1894 solennes
743 1830 934 1905 Matutiuos,
965 1842 1120 1893 consueto
1149 1852 1237 1893 more
1274 1829 1315 1893 ad
1346 1831 1503 1892 bonorem

450 1943 571 1995 sanctie
601 1928 715 1992 Mariae
744 1928 919 1992 Genitricis
950 1928 1176 2013 Redemptoris
1211 1930 1312 1992 nostri
1344 1930 1503 2012 hymnum

451 2030 654 2093 decantaret:
677 2028 788 2090 divino
803 2049 880 2091 mox
903 2040 989 2095 tacta
1003 2029 1227 2107 medicamine,
1241 2032 1343 2094 sensit
1356 2031 1504 2093 membra

450 2130 539 2214 prius
568 2127 659 2190 arida
682 2128 883 2202 rer'irisccre3
906 2139 940 2192 et
965 2150 1100 2213 propere
1127 2152 1205 2195 sana
1228 2132 1379 2206 surrexit3
1403 2143 1503 2213 atque

450 2250 553 2311 usque
577 2226 619 2291 ad
643 2229 761 2303 locum,
788 2247 853 2311 quo
883 2230 1121 2293 sanctissimum
1146 2252 1265 2314 corpus
1294 2232 1406 2304 suerat,
1431 2231 1503 2294 sine

451 2331 582 2394 ductore
596 2326 763 2412 pervenit:
784 2348 855 2410 quae
871 2329 999 2411 abipsa
1014 2330 1066 2393 die
1081 2329 1240 2413 quidquid
1255 2330 1362 2413 potuit
1379 2329 1501 2393 habere

452 2432 538 2495 illius
553 2429 711 2494 Salutiseu'
726 2428 774 2491 sui
790 2429 937 2491 ecclesie
960 2431 1104 2506 eontulit,
1119 2442 1215 2514 atque
1228 2430 1309 2494 inibi
1331 2451 1427 2495 carno
1443 2430 1502 2493 de·

453 2539 564 2601 functa
577 2536 609 2597 in
626 2554 706 2617 pace
722 2532 849 2615 quievit.

495 2638 575 2702 car».
601 2637 640 2698 V.
669 2636 928 2716 Eaerpurrrenus,
958 2644 1155 2715 contractus,
1183 2644 1215 2697 et
1243 2652 1350 2698 caecus
1377 2634 1503 2695 macti.

452 2739 616 2802 Reeelatr'o
644 2733 966 2814 corpora-Accidit
994 2748 1099 2799 antem
1130 2747 1254 2820 postea,
1275 2756 1348 2799 cum
1378 2733 1503 2796 ibidem
1568 2787 1573 2800 .

453 2858 560 2902 seems
581 2837 615 2898 in
645 2847 741 2898 nocte
765 2835 972 2898 Asceneionis
987 2835 1119 2899 Domini
1146 2837 1342 2899 celebrarent
1362 2833 1504 2915 vigilias,

451 2940 549 3017 longe
564 2935 751 3000 admirabile
763 2933 891 2997 lactum.
934 2937 1021 2998 Nam
1036 2937 1179 3020 ejusdem
1191 2936 1352 3021 parochiae
1368 2933 1503 3018 quidam

452 3040 601 3114 rusticus,
629 3036 772 3119 peccatis
801 3035 888 3098 illius
917 3035 1134 3116 exigentibus,
1163 3037 1264 3100 suerat
1292 3046 1457 3118 correptus
1481 3056 1505 3098 a

454 3137 625 3203 daemonio.
660 3136 763 3207 Quem
779 3137 1058 3217 consanguinitate
1067 3137 1249 3220 propinqui,
1261 3137 1316 3220 qui
1325 3131 1504 3200 cernebant

451 3239 555 3302 surore
579 3232 703 3315 agitari,
726 3233 812 3295 etin
841 3233 948 3296 Deum
978 3233 1109 3318 ejusque
1140 3233 1254 3296 fideles
1282 3233 1502 3316 blasphemias

453 3337 622 3403 nonnullus
637 3334 798 3417 spumanti
820 3353 873 3395 ore
895 3333 1064 3416 projicere,
1078 3347 1171 3420 atque
1194 3334 1227 3396 in
1250 3355 1305 3398 eos
1327 3355 1502 3419 eorumque

451 3439 586 3512 ricinos,
614 3456 705 3512 saxa,
733 3433 854 3515 ignem,
881 3453 979 3511 arma,
1011 3433 1150 3518 denique
1185 3455 1387 3517 quaecunque
1416 3435 1502 3498 furor

452 3541 644 3605 ministraret
656 3537 799 3612 insanus,
814 3555 930 3618 capere
943 3557 952 3611 ;
982 3535 1116 3598 vinculis
1136 3535 1266 3619 quidem
1281 3536 1389 3600 ferreis
1410 3556 1501 3599 man-

452 3641 611 3724 ciparim,
634 3658 671 3700 ac
702 3636 748 3699 sic
780 3637 839 3698 sub
870 3634 980 3698 solerti
1009 3657 1096 3710 cura,
1124 3637 1158 3698 in
1188 3645 1342 3719 quantum
1373 3636 1500 3700 illorum

451 3741 649 3805 inurbanitas
663 3737 877 3822 permittebat,
892 3736 945 3799 die
966 3749 1127 3821 noctuque
1147 3737 1376 3820 aliquantisper
1397 3737 1500 3800 babu-

451 3851 552 3904 erunt
587 3840 682 3901 Tunc
693 3837 774 3899 inito
785 3836 930 3913 consilio,
943 3855 1000 3919 per
1012 3857 1093 3919 quos
1109 3847 1261 3899 noverant
1275 3836 1500 3918 sapientiores

451 3938 588 4004 errndem
600 3937 849 4020 circumquaque
858 3935 900 3999 ad
911 3958 952 4000 ea
961 3937 1045 4014 loca,
1056 3937 1111 3998 ubi
1123 3935 1289 3999 audierant
1300 3937 1501 4019 quorundam

451 4043 639 4104 Sanctorum
655 4055 788 4117 corpora
801 4034 1014 4116 requiescere,
1030 4043 1066 4095 ut
1080 4034 1181 4095 suerat
1192 4033 1326 4095 vinculis
1340 4033 1502 4107 astrictus,

451 4142 558 4206 festini
573 4146 722 4216 satagunt
736 4134 920 4219 perducere.
967 4135 1180 4196 Veruntamen
1204 4130 1363 4196 Conditor
1383 4154 1501 4210 rerum,

451 4245 508 4328 qui
523 4239 664 4328 quotidie
680 4249 738 4300 suo
753 4255 840 4298 more
856 4233 979 4296 exaltat
992 4233 1129 4295 humiles
1152 4245 1184 4294 et
1206 4231 1339 4315 deponit
1361 4235 1500 4317 superbe

451 4353 618 4415 tumentes,
632 4338 716 4400 hanc
741 4335 873 4416 gloriam
896 4334 1014 4397 samulo
1037 4354 1095 4395 srro
1118 4332 1299 4406 reservavit,
1321 4332 1500 4398 humillimo

450 4442 537 4506 Patri
553 4437 732 4501 Aldhelmo
778 4436 860 4496 Cum
872 4433 968 4513 igitur
978 4431 1018 4494 ad
1032 4433 1099 4515 ejus
1112 4433 1338 4494 monasterium
1350 4430 1500 4496 Melduui

450 4555 521 4596 cum
552 4554 669 4593 vesano
700 4534 873 4607 venissent,
897 4532 1074 4594 monachos
1099 4533 1234 4594 fraterna
1261 4532 1392 4594 caritate
1421 4533 1501 4596 inibi
