3759 5425
726 1167 1052 1235 Quomodo
1098 1167 1523 1247 Eleutherio-3
1580 1165 2043 1227 Wintoniensis
2100 1166 2436 1245 episcopus
2498 1164 2827 1227 Aldleelmo

797 1269 1176 1351 presbytero
1219 1277 1280 1331 el
1330 1268 1756 1331 Meldunemi
1791 1265 2069 1328 caenobio
2111 1274 2354 1328 terram
2399 1266 2479 1328 de
2521 1267 2823 1330 Maeldu-

810 1369 1093 1451 mechery
1150 1371 1425 1432 contulit
1502 1376 1728 1431 eterna
1803 1369 2169 1446 loryitione.
2237 1367 2337 1447 [Ε
2399 1367 2828 1431 Chartulario

815 1471 1062 1535 Gaenob.
1097 1473 1400 1535 Malmes.
1431 1474 1507 1534 in
1539 1469 1713 1533 Bibe.
1749 1469 1940 1531 Bodl.
1985 1468 2205 1546 Wood,
2234 1491 2292 1529 v.
2329 1470 2432 1531 sol.
2472 1474 2571 1546 10,
2600 1471 2700 1547 b.]

1705 1650 1947 1714 OLET
1975 1650 2350 1732 plerumque
2371 1653 2737 1734 contingere
2760 1663 2832 1716 ut

1228 1833 1249 1837 ,-
1334 1801 1386 1857 ᾗ
1503 1814 1511 1816 l
1711 1750 2020 1814 autumali
2041 1750 2283 1813 torrido
2306 1750 2660 1817 facessante
2681 1775 2830 1818 cau-

1350 1906 1353 1909 ,
1386 1817 1550 1941 Q&
1710 1860 1879 1913 mate
1908 1851 2220 1913 brumalia
2257 1853 2651 1917 saevientium
2679 1876 2833 1917 ven-

897 1999 901 2006 .
949 2003 957 2038 ,1
1001 2005 1013 2013 „
1054 2010 1086 2037 .=
1143 1987 1154 2013 2
1294 1897 1622 2057 Ἀξῐΰζῆᾍ
1713 1960 1922 2016 torum
1951 1951 2153 2015 flabra
2186 1954 2529 2037 reciprocis
2566 1956 2835 2019 alterna-

943 2073 949 2081 *
997 2036 1045 2073 Ἢ
1264 2083 1266 2085 v
1370 2041 1410 2081 ’θ’
1453 2049 1464 2053 ’
1506 2034 1570 2069 ψ·
1712 2051 1828 2115 tim
1868 2051 2161 2115 cursibus
2195 2054 2567 2134 succedant,
2598 2056 2836 2139 quibus

1590 2226 1610 2234 ῃ,
1716 2153 2073 2236 procellosa
2115 2154 2327 2236 pelagi
2372 2157 2609 2220 caerula
2650 2178 2834 2219 enor-

1255 2310 1273 2330 ·,
1402 2330 1413 2334 ,
1535 2327 1538 2329 ‚
1712 2273 1975 2337 mesque
2029 2254 2274 2318 Oceani
2329 2257 2608 2338 gurgites
2680 2257 2835 2320 hinc

921 2354 1029 2434 ὐἷ’
1069 2361 1089 2377 “”
1154 2426 1165 2434 a
1325 2344 1362 2390 ²·
1558 2306 1671 2394 ἦ
1712 2365 1907 2436 atque
1976 2353 2157 2416 illinc
2234 2355 2624 2437 quatiuntur,
2681 2378 2834 2441 qua-

1274 2442 1314 2474 t]
1446 2450 1461 2471 r
1487 2443 1490 2444 ’

1707 2553 1953 2637 absque
1996 2551 2472 2618 discriminibus
2518 2557 2829 2639 navigans

719 2652 1066 2719 furibundo
1090 2653 1345 2716 flamine
1366 2651 1633 2716 carbasa
1649 2666 1981 2738 rumpente
2002 2655 2363 2720 transfretet
2374 2678 2392 2733 3
2421 2656 2510 2720 ita
2530 2657 2826 2723 nimirum

723 2766 1038 2841 prostrata
1056 2752 1281 2817 mundi
1311 2753 1725 2836 pompulenta
1745 2756 1965 2837 gloria,
1984 2755 2246 2840 jamque
2271 2759 2828 2844 appropinquante

726 2855 1019 2942 ejusdem
1069 2855 1339 2917 termino
1393 2854 1778 2918 fluctuantes
1830 2856 2050 2919 saeculi
2105 2857 2387 2920 turbines
2434 2858 2830 2939 incumbere,

723 2957 1168 3041 experimento
1221 2953 1501 3017 evidenti
1552 2954 1869 3034 videntur,
1914 2970 1985 3019 ut
2033 2977 2250 3020 revera
2294 2969 2357 3021 et
2399 2961 2642 3044 absque
2695 2963 2829 3042 ullo

722 3056 995 3143 ancipiti
1038 3056 1362 3139 scrupu10,
1398 3055 1509 3117 illa
1540 3054 1809 3119 Domini
1849 3059 2273 3141 praesagmina
2309 3061 2541 3124 nostris
2572 3062 2829 3127 tandem

724 3157 1121 3241 temporibus
1183 3158 1685 3238 comprobentur·
1740 3159 2016 3242 impleri,
2074 3161 2312 3245 quibus
2382 3162 2473 3226 ita
2544 3166 2830 3230 coelestia

724 3260 984 3323 oracula
1014 3260 1243 3321 effatus
1271 3268 1406 3319 est:
1456 3257 1688 3322 Videte
1721 3259 2063 3323 ficulneam
2096 3263 2212 3326 &c.
2288 3263 2486 3326 Porro
2518 3266 2684 3329 inter
2711 3267 2829 3330 has

725 3360 1127 3423 turbulentas
1157 3358 1379 3422 saeculi
1407 3368 1818 3440 tempestates
1848 3361 2303 3444 scripturarum
2332 3363 2650 3429 flectenda
2680 3380 2831 3432 sunt

724 3459 1184 3542 gubernacula,
1216 3459 1539 3541 totiusque
1570 3459 1804 3540 navigii
1849 3471 2163 3523 armatura
2191 3472 2383 3546 atque
2416 3465 2830 3531 instrumenta

722 3559 1030 3644 paranda,
1060 3571 1378 3644 quatenus
1408 3560 1655 3641 garrulo
1687 3560 2052 3623 Sirenarum
2091 3562 2369 3625 carmine
2414 3577 2649 3646 spret0,
2676 3568 2829 3630 ratis

724 3670 903 3727 recto
936 3683 1126 3726 cursu
1156 3661 1240 3724 ad
1268 3670 1522 3744 portum
1563 3661 1786 3744 patriae
1826 3682 2133 3744 prospere
2161 3662 2566 3745 perducatur.
2656 3668 2827 3740 Qua-

723 3774 985 3849 propter
1012 3784 1131 3846 ego
1160 3762 1596 3841 EleutheriuS,
1627 3763 1828 3842 gratia
1859 3764 1987 3826 Dei
2031 3765 2374 3847 episcopus
2411 3768 2827 3849 pontificatus

726 3866 1034 3930 Saxonici
1079 3865 1514 3947 gubernacula
1556 3884 1801 3946 regem,
1831 3876 2089 3947 rogatus
2134 3887 2272 3929 sum
2319 3868 2400 3929 ab
2446 3870 2828 3950 Abbatibus,

727 3967 840 4051 qui
899 3966 1019 4028 sub
1067 3966 1214 4051 jure
1272 3964 1597 4047 parochiae
1658 3975 1890 4028 nostroe
1957 3967 2296 4031 caenobiali
2368 3969 2826 4034 monachorum

727 4067 966 4150 agmini
993 4087 1271 4150 praeesse
1302 4075 1647 4129 noscuntur
1676 4068 1980 4149 pastorali
2012 4067 2469 4147 sollicitudine,
2501 4081 2572 4133 ut
2599 4082 2826 4135 terram

725 4168 926 4243 illam,
973 4167 1082 4231 cui
1130 4167 1511 4230 vocabulum
1565 4177 1662 4229 est
1711 4166 1986 4231 inditum
2035 4167 2621 4252 Maldumesburgae
2673 4173 2828 4236 Ald-

726 4269 942 4333 helmo
971 4268 1345 4350 presbytero
1388 4266 1471 4329 ad
1514 4264 1874 4347 degendam
1919 4269 2291 4347 regulariter
2320 4270 2509 4332 vitam
2543 4273 2826 4338 conferre

726 4367 1063 4453 largirique
1110 4368 1407 4449 dignarer
1425 4389 1443 4443 ;
1495 4366 1561 4428 in
1619 4388 1745 4449 quo
1790 4366 2088 4431 videlicet
2143 4370 2288 4432 loco
2341 4392 2380 4432 a
2428 4373 2635 4452 primo
2691 4397 2826 4438 aevo

724 4470 1010 4534 infantiae
1041 4479 1229 4553 atque
1270 4469 1350 4531 ab
1392 4469 1535 4551 ipso
1577 4468 1873 4531 tirocinio
1923 4467 2416 4534 rudimentorum
2456 4472 2826 4540 liberalibus
