3759 5425
788 990 1109 1058 Quomodo
1160 992 1558 1057 Ethelredus
1620 998 1766 1060 Rex
1808 1002 2089 1063 contulit
2140 1002 2475 1065 Aedlaelmo
2522 1002 2758 1066 Abbati
2815 1011 2879 1066 et

867 1091 1286 1155 Meldunensi
1340 1094 1630 1158 Caenobio
1675 1099 2081 1164 Neweneune
2127 1110 2190 1164 et
2246 1103 2624 1167 Cherletone
2663 1104 2876 1185 juxta

874 1190 1220 1254 Tetteburi.
1314 1194 1484 1257 Ibid.
1518 1194 1623 1258 fol.
1657 1197 1798 1261 xiii.
1829 1199 1892 1260 b.

952 1324 1033 1384 In
1063 1325 1327 1388 nomine
1361 1326 1628 1389 Domini
1660 1331 1857 1393 nostri
1885 1332 2042 1396 Jesu
2073 1333 2312 1398 Christi
2344 1335 2702 1398 Salvatoris.

1185 1509 1197 1517 ··
1246 1477 1302 1509 ''³''
1352 1485 1398 1519 Τ
1430 1486 1642 1577 'sav-„4
1755 1488 1960 1552 IHIL
2015 1489 2371 1570 intulimus,
2428 1501 2501 1555 ut
2555 1494 2877 1577 Apostoli·

1334 1625 1338 1633 =
1439 1581 1578 1684 μίῆ
1756 1611 1906 1652 cum
1936 1600 2199 1653 testatur
2227 1593 2576 1670 oraculum,
2605 1595 2672 1656 in
2701 1594 2874 1659 hunc

1033 1761 1049 1769 q
1289 1689 1346 1777 ᾗῇ
1398 1678 1438 1717 '⁶²
1469 1705 1545 1760 “-“,
1614 1684 1659 1765 ss?
1752 1690 2087 1770 mundum,
2114 1714 2234 1756 nec
2277 1694 2519 1757 auferre
2561 1697 2875 1779 quicquid

869 1814 885 1837 ·-
940 1785 965 1846 ἶ
1053 1823 1081 1885 j
1158 1856 1182 1881 μ
1278 1873 1290 1894 μ
1331 1789 1332 1794 ’
1446 1809 1482 1889 ⁵⁸]
1513 1841 1533 1866 5
1566 1791 1690 1890 *ss—⁴
1751 1813 2113 1875 possumus.
2201 1794 2458 1858 Idcirco
2492 1797 2759 1860 terrenis
2797 1819 2873 1860 ac

1367 1979 1369 1982 μ
1606 1966 1618 1994 ,μ
1752 1893 2018 1957 caducis
2046 1903 2266 1959 eterna
2294 1908 2359 1960 et
2385 1919 2686 1961 mansura
2713 1920 2876 1963 mer-

1062 2058 1064 2067 ,
1178 1986 1195 1993 ⁹
1239 1985 1258 2042 '-
1510 2001 1654 2082 ,,ζμ
1751 2000 1961 2064 canda
2017 2007 2183 2059 sunt.
2290 1998 2700 2081 Quapropter
2755 2022 2875 2082 ego

1125 2149 1149 2170 f,
1179 2092 1247 2185 ſs*
1283 2099 1285 2101 ’
1316 2146 1334 2166 ζ
1355 2083 1457 2169 ὧν
1484 2086 1511 2090 -
1610 2109 1692 2185 5²4·
1750 2099 2142 2165 Ethelredus
2170 2099 2320 2163 Rex
2340 2099 2752 2177 Merciorum,
2775 2122 2874 2163 ro·

1182 2178 1193 2198 ι
1295 2265 1328 2294 ,ἰ
1749 2214 1934 2286 gatus
1991 2223 2031 2264 a
2087 2200 2362 2263 Patricio
2409 2222 2553 2264 meo
2605 2213 2670 2265 et
2728 2223 2872 2285 pro-

1330 2294 1346 2302 ”
1466 2371 1470 2378 ,
1747 2308 1996 2390 pinquo
2036 2300 2412 2379 Coensrid0,
2439 2322 2552 2384 pro
2593 2303 2876 2366 remedio

775 2406 1008 2469 animae
1041 2427 1221 2485 meae,
1238 2429 1312 2471 ac
1342 2431 1459 2492 pro
1492 2410 1780 2472 oratione
1808 2409 2071 2470 fratrum
2101 2404 2166 2465 in
2198 2402 2707 2487 Meldunesburg
2728 2406 2873 2470 Deo

773 2508 1207 2584 servientium,
1253 2508 1516 2591 triginta
1559 2520 1840 2573 cassatos
1884 2507 1966 2569 ab
2018 2502 2403 2566 occidentali
2443 2512 2623 2586 parte
2661 2515 2871 2569 stratae

770 2609 1098 2691 publicae3
1164 2620 1230 2672 et
1271 2632 1399 2673 nou
1450 2612 1662 2693 longe,
1704 2610 1773 2672 in
1831 2608 1960 2670 alio
2017 2608 2189 2679 loen,
2235 2604 2626 2688 quindecim,
2669 2627 2870 2691 prope

771 2709 1009 2775 Tettan
1067 2713 1516 2775 monasterium
1577 2709 1924 2775 Aldhelmo
1967 2706 2209 2770 Abbati
2266 2717 2331 2769 et
2386 2707 2871 2771 successoribus

770 2809 913 2893 ejus
971 2809 1040 2873 in
1097 2811 1450 2875 libertatem
1512 2823 1902 2876 terrenarum
1970 2807 2342 2873 servitutum
2402 2811 2871 2892 perpetualiter,

769 2913 1070 2988 libenter,
1100 2913 1364 2994 largitus
1409 2934 1568 2976 sum.
1657 2914 1749 2976 Et
1775 2913 1944 2975 hanc
1975 2910 2383 2974 donationem
2415 2930 2642 2987 meam,
2672 2931 2869 2976 sacrae

772 3012 983 3074 crucis
1013 3011 1373 3092 signacu10,
1404 3015 1657 3096 propria
1686 3035 1878 3077 manu
1910 3011 2308 3087 confirmavi,
2337 3020 2402 3074 et
2429 3011 2867 3077 favorabilium

771 3113 1053 3175 virorum
1085 3115 1259 3176 claro
1291 3135 1609 3179 concessu
1645 3115 2072 3189 corroboravi,
2104 3126 2176 3177 ut
2216 3114 2414 3191 nulla,
2444 3122 2591 3197 post
2621 3115 2869 3178 obitum

772 3225 1085 3291 nostrum,
1125 3215 1356 3296 regalis
1394 3217 1744 3296 audacitas,
1785 3239 1906 3281 nec
1953 3216 2279 3280 saecularis
2326 3214 2603 3297 dignitas
2647 3225 2868 3280 contra

773 3313 1099 3377 decretum
1157 3325 1441 3378 nostrum
1501 3318 1905 3398 confringere
1967 3316 2319 3379 tentaverit.
2411 3316 2480 3378 Si
2531 3316 2677 3399 quis
2721 3337 2866 3380 vero

773 3414 940 3477 hanc
991 3414 1401 3480 donationem
1445 3437 1677 3497 augere
1736 3429 1801 3480 et
1856 3416 2247 3498 amplificare
2305 3416 2597 3493 voluerit,
2639 3427 2869 3498 augeat

774 3513 959 3577 Deus
1000 3527 1245 3597 partem
1280 3512 1420 3599 ejus
1463 3519 1532 3578 in
1575 3516 1741 3579 libro
1772 3517 1936 3579 vitae.
2027 3514 2220 3588 Quod
2261 3515 2314 3577 si
2343 3516 2508 3597 quis,
2535 3519 2869 3598 tyrannica

774 3626 1084 3698 potestate
1114 3613 1329 3694 fretus,
1353 3616 1605 3681 demere
1631 3619 1729 3680 vel
1752 3619 1996 3680 auferre
2023 3617 2340 3698 sategerit,
2363 3617 2523 3680 sciat
2553 3637 2621 3680 se
2652 3639 2866 3682 coram

775 3714 1032 3779 Christo
1088 3736 1445 3799 novemque
1503 3719 1892 3799 Angelorum
1952 3716 2302 3793 ordinibus,
2357 3717 2666 3780 rationem
2724 3720 2865 3783 red-

776 3812 1073 3877 diturum.
1164 3815 1419 3898 Scripta
1476 3829 1573 3880 est
1630 3827 1842 3880 autem
1899 3816 2038 3879 haec
2100 3815 2506 3898 chirographi
2557 3817 2865 3899 chartula,

776 3936 944 3979 anno
973 3918 1054 3978 ab
1085 3917 1392 3979 incarnat·
1426 3917 1662 3980 Christi
1692 3921 1843 3989 681,
1874 3915 2073 3980 indic.
2109 3921 2172 3979 9.

948 4032 1217 4112 Signum
1247 4054 1475 4096 manus
1506 4032 1836 4097 Ethelredi
1866 4034 2066 4115 Regis
2097 4033 2509 4098 Merciorum.

943 4132 1216 4212 Signum
1246 4155 1473 4197 manus
1504 4133 1833 4199 Coenfridi
1862 4134 2156 4198 Comitis.

943 4238 1091 4316 Ego
1114 4236 1493 4301 Theodorus
1510 4239 1712 4320 gratia
1733 4239 1859 4300 Dei
1881 4240 1929 4300 A
1939 4238 2416 4321 rchiepiscopus
2441 4239 2831 4307 confirmavi.

858 4341 899 4403 †
945 4336 1091 4416 Ego
1124 4336 1494 4400 saxwulfus
1522 4338 1894 4420 Episcopus
1923 4337 2291 4421 subscripsi.

857 4440 896 4503 †
943 4435 1088 4516 Ego
1121 4437 1315 4500 Bosel
1346 4438 1713 4520 Episcopus
1746 4437 2115 4519 subscripsi.
