3759 5425
447 704 510 763 stt
725 714 878 763 asrsroar
893 718 938 762 so
954 716 1130 777 scracruu,
1145 717 1217 763 arc.

447 871 489 933 ab
502 868 633 933 lotham
655 878 783 951 sumpto
806 870 1045 954 paradeigmate
1066 870 1305 949 assimilabitur,
1326 872 1375 934 uti
1403 872 1498 936 floru-

447 972 534 1033 lenta
545 970 722 1033 caricarum
734 969 875 1034 ficulnea
883 969 1043 1055 simulque
1052 970 1255 1054 pampinosae
1267 970 1341 1035 vitis
1348 972 1499 1055 palmites

448 1091 520 1135 cum
541 1070 756 1153 glaucimante
780 1071 897 1135 oliveto
919 1072 1018 1155 spreti
1039 1080 1167 1155 sceptra
1186 1071 1313 1155 imperii
1337 1072 1498 1155 suscipere

448 1180 621 1235 renuerunt
643 1171 730 1255 quod
753 1172 848 1236 stiam
878 1172 1077 1236 obumbratae
1098 1172 1179 1253 legis
1208 1172 1398 1256 antiquitate
1422 1175 1498 1237 sub-

447 1270 607 1356 ductaque
619 1272 732 1357 putida
742 1272 905 1356 pecudum
920 1283 998 1337 exta
1008 1272 1176 1358 olidasque
1187 1273 1497 1339 holocaustomatum

445 1372 543 1437 fibras
565 1374 703 1438 inflexit.
741 1375 787 1437 Et
807 1374 897 1437 radio
919 1373 1008 1438 rudis
1029 1375 1212 1440 testamenti
1233 1387 1424 1441 comscante
1446 1398 1496 1441 re·

447 1474 593 1560 demptor
607 1486 716 1539 noster
730 1476 855 1540 coelesti
869 1476 1087 1556 claviculario,
1101 1476 1143 1539 de
1155 1498 1220 1561 quo
1236 1488 1333 1561 posta
1347 1478 1497 1559 claviger

446 1578 552 1663 inquit
573 1576 722 1641 aetherius
753 1587 875 1661 portam
906 1578 961 1661 qui
984 1577 1101 1660 pandit
1128 1578 1161 1640 in
1186 1577 1297 1655 aethra,
1319 1578 1497 1643 sciscitanti

446 1680 573 1763 quoties
588 1678 850 1762 delinquentibus
863 1699 1023 1742 noxarum
1043 1678 1173 1743 vincula
1196 1678 1367 1743 enodanda
1384 1680 1498 1759 forent,

446 1779 612 1865 respondit
634 1800 700 1842 nou
723 1780 827 1843 solum
845 1800 949 1862 usque
971 1781 1091 1863 septies
1110 1778 1169 1843 sed
1192 1800 1294 1863 usque
1315 1781 1499 1864 septuagies

447 1882 564 1966 septies
578 1880 613 1945 id
628 1890 678 1944 est
695 1880 906 1965 quinquagies
920 1881 1040 1944 noveni
1056 1891 1089 1944 et
1107 1880 1279 1964 quinquies
1298 1882 1408 1944 octoni
1422 1902 1496 1964 quar

447 1982 543 2046 simul
557 1983 591 2045 in
606 2004 703 2047 unam
723 1981 853 2047 redacta
867 2004 1024 2048 summam
1039 1982 1265 2068 quadringenti
1279 1993 1311 2046 et
1324 1984 1498 2066 nonaginta

448 2084 655 2148 calculantur.
714 2083 881 2147 Undecies
910 2105 1040 2169 quoque
1069 2083 1257 2167 septenariae
1286 2086 1499 2167 generationis

446 2203 591 2268 propago
605 2185 646 2246 ab
662 2194 732 2247 ortu
747 2186 909 2249 nascentis
924 2185 1038 2248 mundi
1057 2195 1270 2249 concatenata
1282 2185 1500 2251 t‘oecunditatis

448 2284 530 2349 serie
552 2283 734 2364 decurrens,
762 2294 935 2369 postquam
966 2286 1164 2367 originaliter
1191 2286 1331 2349 materia
1353 2286 1499 2351 informis

448 2386 598 2451 formatas
634 2386 758 2469 species
787 2407 845 2469 per
866 2388 1065 2451 evolventem
1095 2385 1218 2450 diemrn
1255 2388 1497 2452 alternationem

448 2489 575 2573 accepit
594 2508 696 2571 usque
718 2488 761 2552 ad
784 2490 926 2553 caelestis
946 2490 1107 2573 puerperii
1129 2486 1312 2552 veneranda
1325 2490 1498 2566 cunabula,

448 2590 525 2655 huic
536 2591 687 2674 mysterio
699 2589 895 2655 concordare
906 2591 1130 2671 cognoscitur:
1155 2611 1253 2674 quam
1268 2591 1497 2655 Antiochensis

450 2691 595 2757 medicus
608 2694 801 2776 incorruptae
816 2693 1006 2774 virginitatis
1020 2692 1178 2777 pudicitia
1190 2692 1344 2776 praeditus
1357 2704 1466 2757 texere
1480 2717 1501 2758 a

449 2797 538 2879 prole
550 2795 732 2859 veneranda
743 2795 805 2859 Dei
821 2795 979 2859 inchoans
989 2805 1065 2880 post
1074 2804 1228 2879 nepotum
1240 2806 1274 2858 et
1285 2807 1499 2878 pronepotum

449 2895 635 2982 progeniem
655 2894 814 2977 gradatim
829 2894 985 2980 produxit
1004 2917 1136 2961 avomm
1152 2905 1185 2959 et
1203 2917 1392 2980 proavorum
1406 2899 1497 2980 geni-

449 3001 537 3064 mina
552 2999 763 3062 denumerans
777 3021 816 3064 ac
837 3021 897 3084 per
918 3011 1030 3064 atavos
1044 3009 1077 3063 et
1098 3000 1228 3064 tritavos
1248 3019 1373 3063 rursum
1386 3000 1497 3082 singil-

448 3102 539 3166 latim
554 3099 698 3163 ordinem
709 3100 904 3182 genealogias
915 3101 1132 3184 recapitulans
1141 3100 1283 3166 decursis
1294 3101 1499 3183 septuaginta

451 3213 573 3286 septem
597 3202 840 3283 generationum
861 3202 1024 3266 laterculis
1052 3203 1306 3286 protoplaustum
1328 3203 1498 3266 terminum

449 3305 571 3390 posuit:
598 3301 685 3388 quod
708 3323 799 3367 sacra
821 3304 989 3367 Geneseos
1009 3303 1198 3367 auctoritate
1220 3303 1397 3386 antiquitus
1415 3324 1497 3385 pne-

450 3406 645 3488 figurabatur
658 3404 812 3469 historica
824 3404 978 3468 relatione
995 3404 1134 3482 dicente,
1147 3404 1273 3488 Septies
1285 3402 1501 3468 vindicabitur

450 3508 491 3572 de
503 3507 596 3585 Cain,
608 3507 648 3570 de
663 3506 804 3570 Lamech
820 3526 894 3569 vero
909 3506 1093 3590 septuagies
1108 3505 1237 3588 septies.
1283 3506 1355 3568 Has
1369 3506 1499 3570 ultrices

450 3629 619 3696 poenarum
642 3607 799 3672 vindictas
820 3607 1065 3690 intellegibilem
1086 3606 1243 3684 Lamech,
1262 3605 1298 3669 id
1323 3616 1382 3682 est,
1402 3606 1500 3671 totius

450 3710 563 3776 mundi
578 3718 701 3774 reatum
715 3710 885 3793 punientes
898 3719 974 3793 post
987 3707 1119 3772 totidem
1135 3707 1348 3789 generationis
1362 3708 1501 3772 circum

452 3823 561 3897 optata
582 3821 614 3876 et
635 3813 828 3896 praesignata
848 3812 976 3876 saeclis
997 3809 1208 3894 redemptoris
1229 3811 1330 3873 nostri
1352 3810 1501 3874 nativitas

342 3973 345 3980 .
452 3914 529 3978 dirae
549 3913 660 3977 mortis
673 3913 841 3998 imperium
858 3933 1079 3997 conquassans
1093 3911 1242 3994 dismpit,
1255 3910 1421 3992 confregit,
1442 3932 1499 3975 ex-

450 4016 547 4080 tinxit
569 4023 602 4079 et
630 4015 663 4077 in
685 4015 817 4078 Tartara
845 4013 947 4078 trusit.
992 4013 1092 4092 Quid,
1111 4014 1254 4096 inquam,
1276 4011 1418 4076 famosus
1445 4013 1501 4076 ille

452 4139 552 4203 nepos
566 4115 754 4201 patriarchae
769 4115 924 4199 precipui
941 4134 1087 4179 remeans
1101 4116 1142 4178 ah
1158 4115 1318 4179 avunculo
1333 4113 1374 4178 de
1388 4115 1500 4178 Meso-

451 4219 594 4304 potamia
609 4218 708 4302 Syriae
731 4239 804 4281 curn
827 4218 878 4281 bis
901 4237 978 4281 sena
999 4218 1171 4300 pignorum
1192 4217 1344 4300 prosapia
1360 4215 1429 4299 jam
1448 4216 1501 4279 his

452 4319 586 4385 decurso
611 4320 738 4383 bilustri
761 4319 912 4403 temporis
933 4318 1109 4382 intervallo.
1154 4319 1219 4391 Qui
1245 4328 1319 4400 post
1342 4317 1500 4398 angelicas

451 4420 687 4486 colluctationis
722 4421 903 4503 palaestram
939 4419 1126 4484 Israeliticae
1162 4419 1271 4502 stirpis
1306 4418 1501 4482 vocabulum

453 4521 589 4605 adeptus
611 4518 680 4584 est?
726 4521 844 4584 Nonne
868 4541 943 4585 cum
958 4519 1201 4605 quadringentis
1224 4531 1419 4585 catervamm
1440 4518 1500 4582 mi·
