3759 5425
467 713 509 770 ⁷0
829 728 854 773 s.
869 728 1046 775 annnam
1063 728 1165 773 amna

469 879 571 942 LXX.
588 878 784 960 virguncula
799 879 909 945 divino
925 881 1053 945 servitio
1064 880 1255 965 subjugatas,
1264 900 1409 945 consona
1419 880 1518 943 melo·

467 978 520 1043 dia
535 979 673 1043 dulciter
687 981 912 1066 hymnizantes
927 991 961 1045 et
974 982 1174 1046 Psalmornm
1189 990 1369 1045 concentus
1383 981 1522 1045 suaviter

467 1092 697 1167 concrepantes
730 1083 872 1147 victoria
904 1084 1063 1167 exemplis
1093 1094 1126 1147 et
1157 1081 1289 1147 monitis
1324 1082 1518 1145 haerescunt.

467 1182 565 1247 Porro
594 1184 762 1267 Eugenius
791 1205 909 1269 procus
939 1184 1010 1268 ejus
1038 1205 1168 1249 emenso
1198 1183 1336 1247 tdennio
1365 1182 1518 1265 Capitolii

466 1282 629 1349 flaminem
642 1286 740 1350 enixa
752 1306 850 1369 prece
865 1287 1026 1371 poposcit,
1038 1296 1075 1350 ut
1087 1285 1186 1349 missa
1200 1285 1385 1348 statuncula
1399 1283 1518 1347 Dianae

466 1396 596 1467 cogeret
620 1386 793 1451 Victoriam
818 1388 997 1472 apostatico
1019 1386 1082 1451 ritu
1107 1386 1276 1451 turificare.
1321 1387 1384 1449 llla
1404 1386 1518 1449 nefan-

467 1487 543 1553 dum
568 1487 694 1553 facinus
715 1502 865 1554 execrata
887 1500 918 1554 et
941 1492 1085 1571 gerulum
1107 1488 1292 1553 simulachri
1317 1508 1428 1566 exosa,
1449 1488 1518 1552 ictu

465 1589 563 1671 gladii
577 1589 776 1653 interimitur.
815 1592 885 1655 Nec
902 1602 1008 1657 nmen
1025 1603 1176 1656 cruentus
1190 1589 1336 1654 carnifex
1351 1589 1516 1653 victoriam

466 1689 506 1753 de
531 1689 672 1753 Victoria
694 1700 809 1755 nactus
834 1702 891 1770 est,
913 1691 972 1757 sed
993 1713 1137 1770 mancus,
1159 1713 1256 1757 mauu
1277 1691 1380 1770 arida,
1398 1699 1432 1755 et
1451 1692 1516 1755 ele·

466 1790 623 1875 phantiua
648 1790 731 1855 cutis
756 1791 933 1855 callositate
960 1794 1150 1877 purulentus
1172 1803 1206 1857 et
1227 1792 1389 1857 vermibus
1410 1803 1517 1857 scatu-

465 1891 552 1956 riens
589 1890 738 1976 putidum
776 1892 939 1957 exhalarit
976 1894 1133 1976 spiritum.
1188 1893 1339 1959 Anatolio
1372 1914 1447 1957 vero
1479 1894 1516 1957 in

466 1994 597 2059 exilium
624 2004 719 2068 tussa,
743 1993 907 2075 signorum
932 1992 1097 2058 miraculis
1119 1995 1327 2059 crebrescens
1351 1994 1516 2078 prefatam

467 2098 589 2161 sociam
608 2097 642 2159 in
660 2096 831 2161 virtutibus
846 2097 1066 2181 aequiparavit.
1110 2096 1242 2161 Etenim
1255 2096 1358 2161 filiurn
1372 2098 1518 2160 consulis

467 2220 713 2282 energumenum
729 2199 841 2280 rigidis
856 2209 1040 2263 catenarum
1048 2199 1190 2263 nexibus
1204 2199 1369 2263 astrictum
1376 2199 1516 2282 expulso

467 2303 653 2379 habitatore,
667 2302 754 2366 dicto
777 2302 871 2365 citius
893 2302 1022 2365 curavit.
1067 2302 1141 2373 Quo
1162 2322 1289 2365 rumore
1310 2302 1517 2377 clarescente,

467 2413 499 2467 et
513 2404 660 2480 larvatos,
674 2414 707 2465 et
721 2400 898 2466 comitiales
909 2422 948 2465 ac
964 2412 1096 2465 caeteros
1111 2400 1359 2465 valetudinarios
1373 2400 1517 2485 prisn'nae

467 2504 594 2568 sanitati
613 2503 759 2567 restituit.
804 2499 869 2567 Sed
884 2514 917 2566 et
931 2503 1087 2580 Marsum,
1103 2502 1159 2587 qui
1178 2503 1353 2567 virulentos
1369 2502 1517 2568 matrices

466 2606 508 2671 ad
537 2628 635 2673 secrae
665 2604 807 2687 Virginis
835 2605 1001 2668 laesionem
1032 2603 1287 2668 incantationum
1321 2604 1518 2669 carminibus

466 2709 641 2775 irritabant.
687 2708 735 2773 Ut
749 2706 851 2772 Poeta
865 2706 928 2784 ait;

667 2814 789 2882 Frigidus
801 2815 827 2867 in
839 2813 920 2886 pratis
932 2813 1060 2866 mundo
1070 2815 1195 2884 rumpitur
1206 2815 1313 2881 anguis:

467 2927 556 2990 Diris
593 2923 687 3006 spiris
716 2921 894 2983 involutum
923 2919 1096 3002 perniciter
1124 2919 1249 3001 erIpuit.
1293 2918 1388 2982 Tunc
1420 2920 1516 2982 beata

466 3025 616 3091 Anatolia
630 3045 704 3087 curn
727 3031 823 3086 staret
847 3022 882 3084 in
904 3021 1049 3085 oratione
1071 3020 1186 3085 erectis
1207 3019 1248 3084 ad
1271 3019 1376 3083 sidera
1389 3019 1517 3102 palmis,

467 3137 499 3192 et
522 3124 602 3189 susis
623 3123 664 3187 ad
687 3123 799 3206 polum
819 3124 980 3206 precibus,
993 3123 1161 3205 evaginato
1182 3142 1258 3186 ense
1281 3122 1399 3205 capulo
1420 3131 1516 3184 tenus

466 3251 525 3315 per
537 3237 671 3310 utraque
685 3227 785 3289 latera
799 3227 914 3290 adacto
930 3247 1006 3289 cum
1021 3224 1219 3306 Virginitatis
1237 3223 1401 3307 triumpho
1423 3223 1519 3287 rubra

466 3329 608 3411 martyrii
624 3339 706 3392 serta
720 3328 790 3390 suso
807 3328 965 3408 sauguine
980 3327 1118 3391 sortitur.

510 3431 604 3495 LIII.
628 3428 694 3494 Sed
710 3427 788 3513 quid
801 3429 916 3491 mirum
930 3426 1002 3491 rudi
1018 3437 1206 3492 coruscante
1221 3426 1332 3510 gretia,
1344 3435 1518 3511 postquam

467 3534 565 3618 Virgo
588 3531 753 3614 Virginem
779 3543 890 3594 sancto
920 3530 1091 3614 puerperio
1118 3530 1254 3615 peperit,
1279 3528 1372 3612 cujus
1397 3528 1517 3612 princi·

464 3647 560 3723 patus
581 3655 677 3719 super
697 3634 847 3698 humeros
868 3655 938 3698 esse
960 3632 1156 3716 perhibetur,
1170 3632 1198 3696 si
1213 3632 1260 3696 sic
1278 3629 1431 3695 Ecclesia
1443 3627 1517 3692 Vtr-

466 3738 595 3822 ginibus
616 3735 783 3814 redundet,
799 3736 883 3800 sicut
904 3735 1023 3799 eoelum
1045 3733 1204 3797 sideribus
1225 3731 1420 3816 resplendet,
1440 3749 1516 3793 cum

466 3843 561 3905 etiam
587 3839 797 3903 castissimum
820 3836 944 3918 Joseph
968 3835 1084 3917 legalia
1106 3844 1248 3899 veterum
1267 3834 1433 3898 volumina
1455 3832 1516 3896 im·

466 3941 585 4006 mensis
608 3938 838 4022 preconiorum
860 3934 1012 4000 laudibus
1032 3937 1269 4014 concelebrent,
1290 3955 1389 4019 quem
1408 3935 1450 3998 ab
1466 3933 1516 3996 in·

469 4039 593 4126 gruenti
615 4037 856 4102 multiformium
878 4038 1094 4102 calamitatum
1121 4037 1318 4116 discrimine,
1341 4056 1424 4121 quas
1447 4055 1517 4098 non

465 4149 568 4212 solum
596 4142 765 4206 lividorum
792 4141 987 4224 conspiratio
1013 4161 1234 4224 germanorum
1261 4141 1433 4204 fraternum
1458 4160 1515 4203 ne·

467 4265 628 4334 quaquam
662 4263 761 4307 exosa
796 4241 1001 4327 parricidium
1036 4243 1231 4306 intentabat:
1269 4243 1391 4306 Verum
1420 4241 1516 4306 edam

466 4352 620 4414 obscoena
641 4345 778 4409 fallentis
798 4343 936 4409 dominae
960 4345 1071 4409 frivola
1092 4344 1333 4409 matrimonialis
1347 4341 1516 4428 pudicitiae

465 4454 565 4516 oblita
585 4447 861 4524 machinabantur,
883 4468 981 4530 quarn
1003 4445 1060 4510 diu
1081 4467 1169 4530 puras
1185 4445 1385 4529 Virginitatis
1406 4463 1516 4510 comes

466 4567 498 4618 ot
526 4546 736 4614 lonociuantis
765 4547 932 4628 prostibuli
964 4556 1166 4630 contemptor
1191 4545 1352 4622 extiterat,
1377 4547 1515 4611 illaesum
