3759 5425
649 709 693 754 ns
709 707 873 754 muninus
889 709 1127 756 vrnorurrarrs.
1370 701 1409 758 1⁶

353 859 481 926 diluens
495 882 642 926 normam
654 862 728 926 vitre
741 863 937 947 aequiparare
949 865 1064 928 valeat.
1093 863 1159 926 His
1172 863 1269 946 igitur
1279 865 1410 944 talibus,

353 965 411 1048 qui
425 965 460 1028 in
475 965 704 1050 hujuscemodi
719 966 870 1030 virtutum
886 964 1124 1049 supplemento,
1134 974 1168 1029 et
1178 987 1302 1030 momm
1317 988 1409 1030 sane·

352 1067 443 1130 titete
473 1068 676 1148 virginitatis
705 1069 839 1149 gloriam
868 1069 1069 1133 accumulare
1105 1082 1294 1148 noscuntur,
1324 1069 1411 1133 cedit

353 1169 459 1232 omnis
475 1170 708 1233 continentium
730 1172 874 1234 eminens
896 1170 1095 1254 magnitudo,
1109 1170 1197 1234 cedit
1211 1173 1318 1236 omnis
1332 1193 1409 1237 con·

347 1269 536 1353 jugatornm
551 1273 696 1336 sublimis
711 1273 877 1337 celsitudo.

397 1373 473 1435 XV.
496 1373 711 1445 Quamobrem
732 1376 840 1437 nullus
861 1374 947 1438 banc
968 1375 1070 1437 solam
1090 1375 1239 1458 puritatis
1252 1395 1409 1458 praeroga·

354 1473 453 1536 liram
468 1474 536 1536 sine
552 1487 736 1540 caeterarum
755 1474 939 1558 adjumento
955 1475 1105 1538 virtutum
1126 1477 1271 1539 sufficere
1286 1477 1348 1540 sibi
1366 1475 1409 1540 ad

354 1574 585 1657 capessendam
613 1578 709 1660 plene
735 1576 965 1661 perfectionem
992 1576 1145 1654 confidat,
1169 1587 1203 1640 et
1226 1579 1319 1660 quasi
1346 1578 1408 1642 hac

354 1685 480 1738 tantum
495 1687 619 1740 servata
633 1679 755 1761 absque
772 1678 969 1762 reliquorum
986 1679 1140 1742 conflictu
1153 1678 1303 1742 vitiorum
1316 1679 1408 1742 feria·

355 1787 418 1853 tue,
439 1788 472 1841 et
490 1798 624 1841 securus
644 1779 771 1842 existat.
817 1777 972 1850 Quinimo
991 1800 1033 1840 ne
1056 1777 1224 1859 singularis
1246 1799 1408 1859 generosae

355 1879 556 1958 virginitatis
570 1879 722 1944 nobilitas
736 1878 832 1944 etiam
853 1879 959 1942 minus
978 1890 1108 1963 compta
1122 1879 1266 1957 vilescat,
1279 1881 1408 1945 residuo

353 1994 588 2064 praeceptorum
614 1983 765 2064 legalium
794 1982 947 2062 suffragio
976 1982 1137 2060 fulciatur,
1162 1993 1195 2046 et
1219 1982 1409 2046 multimoda

353 2082 578 2147 mandatorum
598 2085 747 2148 varietate
769 2083 922 2149 decenter
945 2084 1129 2161 decoretur3
1151 2092 1189 2148 ut
1205 2084 1304 2168 juxta
1320 2086 1408 2168 psal·

353 2185 524 2269 mograpbi
539 2187 731 2250 sententiam
747 2188 839 2273 quasi
859 2186 972 2269 regina
985 2209 1006 2251 a
1019 2185 1142 2250 dextris
1158 2187 1286 2274 Divinae
1305 2187 1408 2272 Maje·

353 2288 445 2350 statis
466 2287 501 2348 in
524 2286 640 2351 vestitu
663 2287 814 2354 deaurato
836 2289 977 2367 radians,
999 2296 1033 2351 et
1053 2289 1293 2353 circumamicta
1314 2289 1408 2352 meri·

353 2399 459 2452 torum
477 2389 628 2452 varietate
651 2390 869 2474 resplendens,
884 2390 1032 2474 snpemis
1052 2387 1204 2454 comitata
1224 2389 1409 2454 cohortibus

347 2489 469 2574 jugiter
484 2487 637 2554 adsistere
653 2503 685 2555 et
699 2493 904 2576 inseparabili
920 2493 1073 2575 angelicae
1084 2492 1260 2556 sodalitatis
1271 2492 1408 2574 collegio

352 2589 473 2674 perfrui
487 2593 637 2657 foeliciter
654 2606 819 2657 mereatur.
864 2595 1018 2678 Alioquin
1032 2595 1198 2678 incompta
1211 2594 1409 2676 virginitatis

353 2693 520 2773 industria,
542 2697 611 2759 sine
633 2695 823 2780 reliquarum
847 2694 1045 2760 adminiculo
1066 2696 1217 2758 virtmum
1237 2716 1305 2757 non
1326 2716 1407 2779 opu·

352 2798 440 2861 lenta
463 2798 703 2863 Ecclesiasticae
727 2799 843 2881 segetis
868 2800 1024 2871 ubertate,
1049 2818 1124 2860 cum
1146 2796 1290 2860 centenis
1314 2797 1408 2860 meri·

353 2908 457 2961 torum
472 2900 648 2982 manipulis
663 2899 823 2963 ditabitur.
869 2898 933 2963 Sed
954 2899 1150 2963 infructuosa
1169 2905 1202 2961 et
1219 2896 1408 2963 infoecnnda

354 3000 520 3064 sterilitate
534 3022 738 3065 marcescens
753 3022 825 3066 cum
841 3002 937 3066 fatuis
952 3000 1139 3082 Virginibus
1154 3000 1313 3065 extinctas
1326 3001 1405 3065 lam·

353 3104 454 3186 padas
474 3104 673 3185 gestantibus
695 3105 890 3170 multabitur.
935 3102 1102 3187 Siquidem
1122 3104 1315 3167 cortinarum
1337 3106 1405 3169 sire

353 3206 563 3287 stragularum
577 3215 715 3283 textura,
729 3206 793 3270 nisi
806 3205 990 3290 panniculae
1005 3202 1184 3287 purpureis,
1194 3205 1260 3268 imo
1275 3204 1407 3271 diversis

353 3308 498 3369 colorum
521 3306 730 3371 vadentibus
751 3309 867 3372 fucatae
889 3307 974 3371 inter
996 3305 1097 3370 densa
1117 3306 1245 3370 filorum
1269 3308 1406 3373 stamina

351 3410 436 3472 ultro
453 3410 597 3491 citroque
613 3409 796 3487 decurrant,
813 3422 845 3475 et
859 3418 925 3474 arte
946 3409 1104 3493 plumaria
1120 3430 1215 3472 omne
1230 3410 1405 3473 textrinum

351 3532 436 3597 opus
451 3511 585 3577 diversis
604 3512 781 3594 imaginum
801 3512 963 3577 toraciclis
980 3523 1164 3595 peremant,
1179 3511 1237 3575 sed
1256 3510 1405 3575 uniformi

352 3614 470 3678 coloris
496 3614 571 3679 fuco
596 3614 759 3695 sigillatim
786 3614 934 3677 confecta
958 3614 1068 3676 firerit:
1104 3612 1223 3696 Liquet
1250 3612 1405 3695 profecto,

351 3716 438 3801 quod
453 3737 515 3780 nec
531 3716 696 3779 oculorum
717 3716 883 3780 obtutibus
899 3714 1056 3800 jocunda,
1070 3735 1131 3779 nec
1146 3721 1404 3777 ornamentorum

350 3818 574 3903 pulcherrimae
588 3818 745 3881 venustati
759 3818 897 3882 formosa
911 3816 1080 3880 videbitur.
1126 3816 1212 3877 Nam
1227 3825 1260 3877 et
1273 3811 1405 3878 cortinae

351 3921 465 3985 veteris
487 3918 614 3983 delubri
635 3939 702 3981 non
722 3918 872 4001 simplici,
891 3927 924 3981 et
944 3916 1096 3998 singulari
1115 3916 1263 3980 tincturae
1285 3936 1404 3997 genere

351 4020 553 4107 splenduisse
567 4022 738 4105 leguntur:
761 4021 827 4086 Sed
841 4042 883 4085 ex
899 4041 987 4100 auro,
994 4020 1181 4105 hyacintho,
1189 4042 1342 4105 purpura,
1352 4022 1405 4085 bis

352 4127 455 4191 tincto
479 4146 592 4202 cocco,
616 4123 683 4186 sire
708 4124 882 4187 vermiculo
909 4144 985 4188 cum
1006 4125 1105 4206 bysso
1130 4133 1257 4199 retorto,
1283 4122 1404 4207 dispari

351 4230 472 4295 murice
487 4228 616 4291 fulsisse
632 4224 866 4290 deser-inmun.
912 4223 979 4289 Sed
994 4224 1074 4310 quid
1091 4223 1132 4288 de
1149 4224 1294 4289 lireomm
1307 4225 1404 4288 muri·

350 4334 440 4397 cibus
470 4330 632 4396 subtiliter
660 4323 956 4393 comminiscimur?
991 4350 1032 4392 en
1057 4327 1161 4411 ipsius
1189 4329 1257 4392 auri
1282 4327 1404 4410 obryza

349 4436 480 4512 lamina,
495 4431 586 4517 quod
609 4440 723 4493 casura
744 4428 876 4511 argenti,
897 4437 929 4492 et
951 4428 1062 4491 electri
1083 4428 1254 4512 stannique
1274 4427 1404 4490 metalla

350 4537 515 4620 precellit,
530 4536 602 4600 sine
616 4534 746 4617 topacio
760 4542 793 4596 et
807 4532 1014 4607 carbunculo,
1026 4539 1058 4594 et
1070 4530 1251 4595 mbicunda
1264 4548 1403 4609 gemma-
