3759 5425
423 707 483 766 180

735 723 778 768 llll
794 721 959 769 muninus
973 719 1154 767 vmcnturt.

508 875 567 938 Bis
580 875 668 938 binis
683 875 759 939 exin
773 875 903 940 nutrivit
916 875 1082 938 mensibus
1097 893 1220 948 omnes,

510 976 558 1038 Ut
571 997 737 1061 nunquam
752 975 882 1060 penitus
895 975 987 1038 farris
1001 973 1177 1054 fragmenta
1190 979 1330 1054 negaret,

509 1075 580 1140 Nec
594 1087 702 1141 tamen
717 1077 884 1140 exhaustis
899 1085 1039 1139 cessaret
1053 1075 1198 1157 sportula
1211 1070 1335 1136 crustis.

510 1176 564 1241 Sic
580 1198 708 1262 quoqne
722 1187 868 1240 naturam
881 1177 1010 1260 pinguis
1025 1174 1199 1238 cumulavit
1213 1171 1299 1248 olivi,

509 1277 557 1340 Ut
571 1277 733 1362 quondam
749 1277 864 1340 Helias
878 1277 996 1358 legitur
1010 1275 1190 1339 cumulasse
1204 1271 1372 1356 propbeta,

510 1377 689 1443 Lenticulae
704 1399 845 1441 crassum
861 1374 1051 1440 foecundans
1067 1395 1120 1438 ore
1133 1374 1300 1458 liquorem.

552 1478 643 1542 Ecce
658 1478 835 1542 sacerdotis
848 1476 990 1560 pandam
1005 1474 1167 1561 praeconia
1180 1473 1261 1537 lauti
1386 1544 1391 1548 ,

510 1578 638 1641 Mentio
652 1576 729 1640 dum
744 1577 847 1640 sancti
862 1578 969 1661 pulsat
983 1575 1160 1660 penetralia
1174 1573 1292 1648 cordis,

512 1676 615 1761 Cujus
629 1675 820 1761 quadratum
835 1677 1010 1740 crebrescit
1024 1676 1109 1741 fama
1123 1695 1181 1758 per
1194 1675 1315 1752 orbem,

510 1781 617 1861 Atque
633 1787 863 1860 perextremae
877 1778 978 1858 fulget
993 1776 1163 1860 prudentia
1176 1783 1299 1838 metas:

513 1877 577 1950 Qui
591 1877 651 1941 fuit
664 1877 829 1962 interpres,
844 1887 877 1941 et
890 1887 998 1941 custos
1012 1878 1102 1957 virgo
1116 1873 1259 1960 pudoris,

512 1979 645 2042 Hebrea
658 1979 815 2041 Romanis
829 1988 956 2041 vertens
970 1977 1101 2041 oracula
1113 1976 1229 2040 verbis.

510 2079 598 2142 Nam
612 2077 710 2153 rudis,
724 2089 758 2140 et
770 2078 883 2162 priscae
896 2077 977 2158 legis
992 2077 1144 2160 patefecit
1158 2076 1321 2159 abyssum,

511 2178 723 2262 Septuaginta
736 2176 802 2241 dno
815 2177 987 2242 recludens
1000 2178 1119 2262 pagina
1133 2177 1249 2254 biblos,

514 2283 605 2356 Quos
618 2301 706 2345 nunc
723 2280 855 2344 secretis
869 2279 1023 2344 describit
1036 2279 1127 2345 litera
1141 2278 1270 2342 chartis.

513 2384 651 2466 Insuper
664 2382 775 2446 elicuit
788 2390 940 2446 tractatus
950 2381 1023 2466 jure
1037 2378 1225 2464 stupendos,

511 2486 617 2568 Atque
632 2483 862 2568 prophetarum
876 2479 1069 2545 commentis
1084 2481 1232 2545 clancula
1245 2479 1352 2557 certis,

512 2584 611 2648 Dicta
623 2584 790 2647 retexebat
802 2581 949 2666 pandens
963 2581 1114 2664 mysteria
1127 2600 1241 2644 rerum.

513 2686 661 2768 lnclytus
674 2682 727 2748 hic
744 2688 870 2748 constat
883 2677 1011 2747 schedis
1026 2701 1084 2765 per
1096 2681 1192 2746 saecla
1207 2679 1367 2765 magister,

513 2787 595 2858 Quae
610 2805 697 2848 nunc
713 2805 771 2869 per
784 2782 938 2847 mnndum
954 2782 1135 2846 scribuntur
1147 2783 1207 2845 rite
1223 2780 1423 2865 quadratum.

513 2886 559 2947 Et
571 2885 649 2947 licet
660 2884 793 2946 illustris
807 2883 963 2945 lectorum
978 2892 1081 2946 turma
1095 2902 1153 2967 per
1166 2884 1276 2945 orbem

513 2983 657 3047 Eusebio
672 2983 816 3064 genitore
832 2993 930 3061 satus,
946 3004 1006 3047 eeu
1020 2982 1162 3067 prodidit
1175 2982 1274 3061 idem,

513 3087 717 3149 Enumerans
731 3094 874 3147 veterum
890 3085 1018 3166 vulgata
1033 3084 1195 3149 volumina
1207 3091 1346 3167 patrum,

513 3189 570 3251 Ex
586 3208 650 3270 quo
664 3185 811 3249 Salvator
824 3194 941 3248 nostrae
957 3186 1120 3249 cunabula
1133 3186 1239 3250 camis

515 3291 703 3369 Sumpserat
715 3285 749 3349 in
765 3286 855 3350 terris
870 3285 1051 3350 emundans
1066 3286 1199 3350 crimina
1214 3284 1319 3350 saecli:

516 3386 655 3463 Quando
671 3387 775 3451 crucis
790 3387 945 3468 gabulum
960 3394 1083 3452 sacrato
1098 3404 1232 3468 corpore
1247 3382 1385 3461 scandit,

515 3491 561 3553 Et
574 3510 677 3572 genus
690 3488 865 3551 humanum
880 3488 1038 3571 pollutum
1054 3485 1164 3551 fraude
1178 3484 1321 3569 maligni,

515 3592 657 3655 Vulnera
670 3610 840 3674 perpessus
853 3598 1002 3674 purgarat
1016 3588 1171 3670 sanguine
1186 3587 1292 3651 rubro.

516 3692 598 3770 Quis
613 3699 702 3755 tanto
717 3690 822 3754 studio
838 3690 1036 3773 geminarum
1049 3687 1167 3752 lamina
1179 3689 1298 3769 legum,

516 3794 583 3856 Aut
596 3800 662 3855 tam
677 3791 806 3855 solerter
819 3791 925 3854 rimari
938 3790 1049 3853 nititur
1062 3787 1226 3872 unquam?

517 3893 588 3958 Ceu
602 3892 773 3956 meditatus
788 3902 854 3955 erat
868 3912 974 3955 sacros
989 3888 1172 3953 didascalus
1186 3888 1284 3968 idern,

516 3995 564 4059 Ut
576 3992 744 4077 psalmista
758 3992 855 4070 canit,
868 4002 1047 4074 noctesque
1062 3988 1194 4073 diesque
1208 3988 1344 4053 libellos.

516 4095 666 4159 AEmulus
679 4092 800 4157 idcirco
815 4092 956 4176 pollutus
970 4103 1061 4175 peste
1075 4090 1182 4154 livoris

516 4197 667 4262 Rictibus
681 4193 847 4259 horrendis
862 4202 966 4257 vatem
980 4193 1142 4256 lacerabat
1156 4190 1307 4270 eundem,

517 4297 680 4361 Faucibus
693 4294 822 4360 invidia
837 4295 885 4358 sic
901 4294 1002 4376 gloria
1016 4293 1157 4377 carpitur
1173 4292 1261 4370 atris,

516 4399 563 4461 Et
575 4398 645 4461 laus
659 4398 815 4461 almomm
829 4396 987 4459 mulcatur
1001 4392 1110 4457 fraude
1124 4394 1289 4457 malorum.

516 4498 667 4584 Namque
683 4518 781 4560 canes
794 4497 906 4561 crebro
920 4496 1040 4580 stipant
1052 4494 1219 4559 latratibus
1234 4508 1358 4579 aprum,
