3759 5425
546 701 609 761 264

824 712 980 762 scissum
995 717 1040 763 AD
1055 714 1234 776 selectus«,
1248 714 1320 762 RTC.

636 869 750 932 Lustro
764 878 831 931 tote
846 880 929 934 teres
945 870 1100 953 speciosis
1114 870 1234 935 secuh
1247 870 1359 954 cyclis,

634 970 732 1033 Lntes
746 970 780 1031 in
796 969 915 1052 grenfio
930 982 1064 1055 portans
1078 992 1152 1035 cum
1165 969 1311 1054 pondere
1325 981 1441 1035 terres:

633 1071 688 1135 sie
702 1072 799 1136 maris
812 1071 972 1137 undantes
986 1074 1134 1137 cumulos
1147 1085 1182 1137 et
1195 1073 1314 1137 curule
1327 1070 1454 1135 claudo.

632 1174 718 1239 Nem
733 1174 816 1238 nihil
829 1173 863 1237 in
878 1196 983 1238 rerum
996 1184 1111 1239 netum
1124 1185 1188 1238 tem
1204 1175 1290 1239 celer
1303 1184 1397 1245 esset,

632 1276 728 1371 Quod
741 1276 879 1361 pedibus
893 1289 1005 1361 perget
1017 1276 1106 1361 qnod
1119 1276 1238 1362 pennis
1252 1276 1370 1341 retbere
1382 1285 1495 1349 met,

633 1382 756 1445 Accola
769 1402 829 1445 nec
845 1380 936 1464 ponti
951 1380 1089 1445 volitans
1103 1402 1162 1464 per
1174 1380 1294 1444 caerule
1307 1376 1459 1462 squamis,

633 1482 704 1547 Nee
718 1492 788 1547 rote
801 1502 860 1567 per
873 1482 975 1563 girum
991 1502 1087 1567 quum
1101 1480 1202 1546 trudit
1214 1480 1366 1545 machine
1377 1474 1531 1561 lymphae,

634 1580 767 1646 Currere
783 1582 829 1645 sie
845 1594 977 1666 possent
990 1582 1024 1645 ni
1040 1594 1163 1665 septem
1177 1581 1284 1645 sidera
1296 1580 1418 1644 tricent

935 1686 966 1745 8.
989 1681 1043 1744 De
1058 1684 1207 1745 Arcturo.

636 1782 775 1849 Sidereis
789 1786 891 1869 stipor
904 1784 1017 1848 turmis
1031 1786 1065 1848 in
1080 1786 1196 1848 vertice
1210 1784 1333 1862 mundi,

634 1885 763 1949 Esseda
777 1886 898 1950 fumoso
913 1894 1005 1967 gesto
1021 1886 1210 1968 cognomine
1224 1885 1324 1966 vulgi,

633 1988 675 2051 1n
690 1988 760 2070 giro
774 1988 905 2051 volvens
913 1987 1034 2071 jugiter
1048 2007 1115 2050 non
1130 2008 1226 2069 vergo
1239 1985 1401 2063 deorsum,

633 2088 757 2154 Caeters
772 2110 829 2153 seu
843 2097 1019 2174 properant
1032 2088 1183 2152 caelorum
1197 2087 1320 2151 lumine
1333 2098 1442 2171 ponto.

633 2192 711 2257 Hoe
727 2190 816 2255 dono
831 2190 916 2255 ditor
929 2190 1083 2274 quonism
1097 2211 1169 2253 sum
1182 2191 1349 2276 proximus
1361 2189 1429 2267 axi,

631 2292 780 2378 Riphaeis
793 2291 937 2375 scythis
952 2291 1008 2376 qui
1021 2292 1095 2355 letis
1108 2291 1273 2354 montibus
1286 2299 1379 2369 errat,

631 2394 783 2477 Virgilius
798 2414 932 2476 oequsus
945 2390 1088 2456 numeris
1101 2392 1135 2455 in
1151 2413 1224 2456 erce
1237 2394 1394 2475 polorum,

633 2496 696 2562 Cui
709 2515 785 2579 pers
797 2494 927 2558 inferior
943 2491 1055 2576 Stygis
1067 2492 1254 2577 Lethesque
1268 2492 1387 2577 peiudc

632 2598 743 2661 Fertur
757 2606 789 2660 et
802 2595 919 2659 interni
933 2594 1033 2659 fundo
1048 2596 1255 2660 succumbere
1268 2596 1373 2678 nigro.

792 2702 823 2760 4.
847 2694 901 2759 Do
917 2694 1077 2760 &sinete
1088 2696 1156 2758 cicc
1172 2696 1345 2760 Onsmaro.

632 2804 727 2866 Alma
740 2799 854 2864 domus
869 2817 1001 2862 veneror
1015 2798 1124 2862 divino
1138 2820 1269 2863 munere
1283 2801 1398 2884 plens;

630 2906 747 2968 Valvas
761 2901 819 2966 sed
833 2903 943 2965 nullus
955 2912 1084 2980 reserat,
1098 2921 1159 2965 nec
1172 2902 1286 2966 limina
1297 2902 1421 2986 paudit,

631 3004 781 3070 Culmina
793 3003 829 3066 ni
843 3001 960 3065 fuerint
974 3001 1055 3065 aulis
1070 3001 1197 3066 sublate
1212 3005 1385 3087 quaternis,

629 3108 675 3170 Et
688 3107 766 3168 licet
780 3103 920 3168 exterius
934 3102 1065 3165 rutilent
1078 3101 1119 3166 de
1135 3123 1269 3186 corpore
1285 3125 1431 3185 gemme,

632 3208 738 3269 Aures
752 3203 831 3268 dum
846 3204 940 3267 fulcis
955 3202 1103 3268 flavescit
1115 3203 1206 3267 bulis
1219 3206 1375 3269 metaliis:

631 3305 695 3370 Sed
711 3316 817 3370 tamen
832 3305 964 3368 uberius
979 3303 1120 3369 ditentur
1133 3305 1265 3385 viscere,
1280 3327 1386 3371 erasse

626 3409 717 3472 Potis
732 3429 797 3493 qun
811 3408 937 3491 species
951 3409 1065 3491 flagrat
1079 3407 1294 3491 pulcherrime
1307 3405 1440 3472 Christi.

630 3506 781 3572 Candide
795 3517 975 3572 sanctarum
991 3508 1038 3571 sic
1052 3508 1145 3571 floret
1158 3507 1259 3590 glorie
1273 3529 1377 3572 rerum

629 3610 700 3672 Nec
715 3611 821 3673 trebes
835 3607 868 3670 in
885 3608 1007 3693 templo
1022 3620 1165 3690 surgunt,
1179 3630 1241 3674 nec
1255 3621 1343 3675 tectu
1356 3612 1527 3676 columnis.

716 3715 746 3772 5.
770 3709 823 3773 De
840 3709 971 3773 Castore
984 3713 1042 3793 gui
1058 3709 1270 3792 Letinefiber
1283 3712 1411 3777 dicim.

631 3811 763 3894 Hospes
777 3811 948 3894 praeruptis
960 3811 1112 3875 habitans
1125 3812 1159 3875 in
1174 3814 1318 3896 margine
1331 3813 1422 3898 ripis,

631 3909 663 3973 N
665 3929 706 3972 on
722 3929 791 3973 sum
808 3919 1006 3991 torpescens,
1021 3911 1085 3974 oris
1100 3911 1157 3974 sed
1171 3912 1305 3994 belliger
1317 3914 1413 3979 ermis

630 4009 718 4083 Quin
733 4010 841 4094 potius
856 4007 935 4072 duro
951 4010 1050 4076 vitam
1063 4022 1206 4075 sustento
1220 4013 1341 4094 labore,

629 4113 815 4192 Grosanue
829 4118 1035 4192 prosternens
1050 4130 1128 4174 mox
1141 4111 1232 4192 ligne
1245 4113 1412 4177 securibus
1426 4116 1532 4195 uncis,

629 4211 793 4276 Humidus
808 4209 841 4274 in
856 4209 957 4274 fundo
972 4221 1076 4276 uenat
1090 4234 1154 4297 qus
1166 4206 1267 4296 piscis
1281 4235 1416 4299 aquoso,

629 4315 723 4395 Saepe
739 4321 836 4395 caput
850 4311 1014 4394 proprium
1029 4314 1156 4393 tingens
1170 4315 1203 4376 in
1220 4317 1346 4397 gurgite
1359 4337 1480 4398 mergo.

628 4413 770 4476 Vulnere
784 4411 945 4486 fibrarum,
961 4433 1020 4476 nec
1035 4433 1100 4476 non
1116 4426 1149 4477 et
1162 4415 1266 4480 lurida
1280 4418 1356 4481 tubo

629 4513 775 4572 Membra
784 4511 1595 4600 medenspestcmqm,luemqueresolvonecantem.

628 4607 733 4668 Libris
750 4609 882 4668 corrosis
899 4621 929 4667 et
946 4612 1064 4671 cortice
1081 4633 1191 4677 vescor
1206 4636 1321 4679 amaru.
