3759 5425
638 728 1055 780 namnnrnnsvruorunu.
1320 719 1378 782 lbi

462 883 623 967 Tempore
638 906 704 969 quo
719 886 825 950 clarus
837 884 927 949 fulsit
939 898 1087 969 regnator
1100 889 1134 951 in
1150 889 1227 954 orbe

420 983 482 1049 Cui
497 985 728 1051 Constsntinus
741 989 919 1053 censebant
933 991 1053 1054 saecule
1066 1011 1202 1056 nomen:

418 1083 580 1167 sylvester
591 1089 699 1154 Roma
712 1089 850 1172 degebat
864 1091 986 1155 Praesul
1002 1092 1035 1155 in
1051 1095 1129 1158 urbe

420 1187 557 1253 Sanctus
570 1191 770 1274 Apostolicae
785 1191 840 1275 qui
854 1192 939 1256 rexit
954 1194 1096 1258 culmina
1110 1194 1206 1261 aedis.

418 1289 622 1376 Plurimaque
635 1293 690 1358 bic
705 1293 781 1357 lecit
794 1294 947 1358 virtutum
963 1295 1056 1376 signa
1070 1297 1231 1380 sacerdos,

420 1391 501 1464 Quae
514 1393 611 1486 modo
626 1416 684 1479 per
697 1396 853 1460 mundum
869 1397 990 1462 chartis
1004 1399 1124 1464 inserta
1137 1403 1294 1484 leguntur.

418 1494 569 1577 Denique
583 1497 821 1580 squamigerum
836 1497 943 1562 vinxit
957 1499 1070 1564 virtute
1087 1501 1261 1568 draconem

419 1595 525 1659 Fortia
537 1597 660 1661 ferratis
674 1598 897 1682 constringens
910 1600 1018 1664 vincla
1033 1602 1173 1666 catenis:

420 1697 483 1768 Qui
497 1698 588 1781 prius
602 1721 620 1761 e
636 1711 750 1783 crypta
764 1699 890 1763 funesto
906 1700 1037 1764 flamine
1053 1703 1190 1787 spirans,

417 1799 558 1864 Romani
570 1801 661 1884 regni
675 1802 815 1864 vexabat
823 1801 897 1885 jure
912 1813 1073 1880 catervas3

419 1901 505 1964 Dum
521 1912 785 1986 contempserunt
799 1901 930 1966 Christo
945 1903 1126 1970 famularier
1140 1909 1210 1986 uni,

418 2002 558 2067 Natricis
571 2002 724 2067 horrendi
740 2004 862 2067 cultum
877 2017 1019 2087 prestare
1034 2018 1199 2090 putantes:

418 2106 483 2171 Sed
498 2128 573 2171 cum
588 2107 771 2170 strinxisset
786 2108 910 2171 belvam
927 2109 1100 2174 collaribus
1115 2113 1223 2194 arctis,

417 2207 570 2271 Morbida
583 2207 723 2290 pestiferi
739 2228 951 2290 compescens
966 2210 1067 2275 flsbrs
1082 2210 1244 2293 draconis,

419 2308 552 2373 Civibus
566 2308 711 2372 exoritur
723 2329 801 2372 mox
816 2310 975 2374 exultatio
990 2311 1092 2376 laetis:

416 2411 526 2474 Bestia
539 2409 668 2474 delituit
681 2431 755 2493 quse
769 2410 891 2493 pridem
906 2412 1016 2475 saevire
1032 2413 1176 2478 solebat:

419 2510 546 2575 Idcirco
562 2511 667 2575 statim
682 2511 835 2593 baptismi
851 2512 952 2592 gratia
966 2513 1092 2593 fulgens

420 2613 554 2678 Coelitus
569 2611 678 2676 illuxit
693 2612 848 2676 Romanis
863 2613 992 2676 arcibus
1007 2622 1043 2677 ut
1057 2615 1116 2677 sol.

458 2717 526 2780 Hic
544 2714 747 2779 Constantini
763 2714 887 2778 curavit
899 2714 1005 2778 lurida
1018 2718 1172 2795 membra,

417 2818 559 2883 Horrida
571 2818 708 2902 leprosis
723 2815 903 2900 explodens
916 2818 1028 2881 ulcera
1042 2820 1203 2903 squamis:

417 2921 504 2985 Dum
519 2930 721 3003 regnatorem
737 2918 857 2984 Christi
872 2920 932 2983 sub
948 2920 1072 3003 gurgite
1087 2922 1199 2985 tinxit.

414 3024 618 3108 Quapropter
632 3022 738 3086 Roma
751 3022 845 3104 fregit
859 3021 994 3086 delubra
1009 3024 1120 3087 sacelli

413 3126 526 3189 Prisca
539 3124 752 3188 nefandorum
769 3134 982 3188 contemnens
997 3125 1070 3189 fans
1085 3126 1242 3208 Deorum,

414 3228 460 3290 Et
474 3228 601 3310 potiora
614 3226 704 3290 rudis
718 3235 858 3290 sectatur
873 3226 1016 3291 culmina
1030 3229 1154 3313 templi,

415 3328 488 3401 Qua
501 3326 667 3391 salvatoris
682 3325 808 3407 signata
822 3346 934 3389 cruore
950 3340 1132 3407 coruscant,

415 3431 653 3514 Perpetuosque
669 3428 733 3491 Dei
748 3426 888 3514 produnt
902 3448 961 3512 per
975 3430 1072 3493 saecla
1086 3430 1275 3515 triumphos,

416 3531 469 3596 Sic
484 3530 640 3595 mundum
655 3529 792 3615 propriis
805 3532 939 3593 ornabat
953 3531 1095 3594 moribus
1110 3533 1264 3615 amplum,

414 3634 502 3698 Dum
518 3654 625 3716 regem
640 3633 754 3695 Romae
769 3632 910 3696 correxit
925 3632 1074 3711 dogmate
1091 3630 1220 3697 Christi.

415 3732 514 3795 Porro
529 3730 715 3794 conflictum
730 3729 827 3810 gessit
841 3728 1028 3793 didasculus
1042 3727 1127 3790 idem

416 3833 538 3898 Contra
551 3832 604 3897 bis
619 3852 716 3895 senos
731 3841 889 3895 certantes
903 3839 971 3893 arte
986 3829 1165 3910 magistros,

416 3935 479 4007 Qui
494 3934 613 4019 pignus
626 3930 737 3996 mundi
753 3932 857 3996 fallaci
870 3951 949 3995 voce
963 3931 1136 4011 negabant.

415 4034 500 4099 Dum
515 4033 701 4097 mediatoris
716 4033 911 4116 spemabant
925 4032 1013 4094 dona
1027 4031 1182 4111 vocantis,

417 4135 541 4201 Lucida
555 4144 720 4219 perpetum
736 4133 792 4216 qui
806 4131 921 4215 pandit
934 4132 1047 4195 limina
1061 4133 1146 4197 vitre.

415 4237 615 4323 Quapropter
629 4245 764 4299 cunctos
779 4237 878 4297 fretus
893 4232 1080 4297 coelestibua
1094 4232 1191 4297 armis

415 4340 542 4403 Vicerat
556 4336 723 4418 extemplo
739 4336 805 4399 voti
820 4335 994 4399 certamine
1009 4355 1162 4418 compos:

414 4442 459 4504 Ac
474 4441 562 4504 velut
576 4437 731 4502 adversus
747 4435 929 4500 frendentes
944 4456 998 4498 ore
1013 4434 1169 4499 molossos

415 4540 542 4607 Frustra
556 4540 611 4625 qui
627 4558 760 4621 superas
774 4536 908 4622 implent
922 4537 1088 4603 latratibus
1103 4560 1205 4618 eurus,
