3759 5425
635 677 678 723 nu
694 675 860 723 annotans
876 676 1111 723 vinomrmrrs.
1356 664 1397 721 a7

344 828 491 893 debitum
528 848 679 913 suprema
715 842 798 895 sorte
834 830 1033 915 persolverit,
1062 828 1276 893 Constantine
1311 828 1400 892 orbis

344 932 544 1011 gubernante
564 930 802 1009 Monarchiam,
817 952 891 996 ossa
909 932 996 995 illins
1017 930 1059 995 ad
1076 932 1207 995 tutelam
1226 930 1317 1012 regni
1332 930 1399 993 Ro·

345 1034 432 1096 mani
448 1033 765 1117 Constantinopolim
782 1035 932 1097 translata
946 1033 1104 1113 leguntur.

390 1135 494 1197 XXV.
519 1134 669 1199 Clemens
692 1136 833 1199 coelestis
854 1134 1050 1199 clavicularii
1075 1134 1198 1217 primas
1223 1154 1401 1211 successor,

346 1252 380 1302 et
410 1237 573 1302 secundus
598 1240 753 1303 &manta
780 1239 938 1303 Ecclesiae
965 1238 1168 1321 dispensator
1194 1239 1400 1322 (Quanquam

347 1340 495 1404 nonnulli
510 1340 626 1403 Linum
642 1351 674 1404 et
685 1342 814 1405 Cletum
828 1341 863 1403 in
875 1340 1086 1404 Pontificatus
1100 1340 1253 1421 regimine
1267 1341 1399 1424 nequic-

347 1464 445 1526 quam
482 1442 674 1526 praeferens)
707 1442 794 1528 quod
829 1442 1001 1507 coelibatns
1037 1441 1270 1519 castimoniam,
1305 1442 1401 1505 etiam

348 1556 522 1627 antequam
537 1546 699 1609 salutifero
714 1546 833 1609 lavasti
853 1545 1042 1629 baptisterio
1056 1564 1181 1607 mersas
1194 1545 1236 1607 ab
1251 1543 1400 1624 originali

348 1645 479 1729 piaculo
494 1660 689 1730 purgaretur,
705 1647 891 1711 medullitus
911 1646 1072 1725 dilexerit,
1085 1646 1157 1730 ipse
1175 1647 1312 1731 propriis
1330 1647 1400 1710 lite·

349 1770 454 1815 rarum
477 1751 624 1833 apicibus
646 1753 803 1835 propalat,
825 1750 957 1816 dicens:
995 1750 1069 1831 Ego
1092 1747 1243 1812 Clemens
1265 1748 1299 1811 in
1322 1748 1401 1812 urbe

350 1854 457 1915 Roma
470 1864 564 1915 uatus
579 1872 599 1913 a
611 1852 714 1936 prima
729 1862 820 1916 aetate
837 1851 1003 1936 pudicitiae
1018 1848 1160 1913 studium
1176 1848 1270 1931 gessi.
1311 1850 1401 1928 Ergo

349 1953 473 2038 siquid
493 1954 791 2037 praestantissimum
814 1974 884 2017 esse
901 1961 1037 2022 constat,
1050 1951 1084 2013 in
1104 1951 1230 2013 cunctis
1251 1950 1401 2013 virtutum

351 2054 505 2136 gradibus
520 2066 553 2119 et
566 2056 747 2119 mortalium
767 2068 889 2119 naturae
912 2052 1139 2118 difficillimum
1154 2050 1298 2114 nondum
1313 2072 1400 2133 rege·

349 2167 479 2221 uerutus
501 2157 561 2221 sibi
584 2178 742 2242 usurpans
763 2168 929 2241 tantopere
952 2166 1128 2228 taxaverat,
1150 2164 1270 2236 quanto
1300 2152 1402 2234 magis

351 2257 480 2323 eredere
504 2258 550 2321 las
572 2269 631 2336 est,
653 2270 688 2322 ut
715 2268 792 2341 post
814 2268 950 2341 accepta
979 2255 1056 2318 fidei
1084 2251 1266 2317 rudimenta
1293 2264 1401 2336 spreto

351 2359 520 2442 gentilium
549 2360 621 2435 ritu,
653 2359 730 2423 dum
758 2382 817 2443 per
845 2360 1027 2445 provincias
1055 2357 1184 2421 Petmm
1221 2367 1403 2440 sequeretur

353 2460 467 2524 Diviui
489 2461 576 2525 verbi
596 2462 719 2524 semina
743 2472 902 2525 serentem
929 2470 962 2523 et
979 2458 1174 2543 propagines
1195 2458 1402 2539 Evangelicae

352 2562 426 2625 vitis
453 2561 652 2625 credentium
675 2560 844 2624 scrobibus
866 2560 1081 2645 pastinantem
1110 2568 1207 2641 atque
1229 2558 1402 2623 Simonicae

354 2663 495 2727 letiferas
526 2661 771 2727 Necromanciae
800 2663 965 2726 labruscas
995 2658 1150 2722 radicitus
1178 2658 1403 2743 extirpantem,

352 2763 480 2848 plenius
502 2783 539 2826 ae
563 2763 735 2846 perfectius
757 2761 1003 2836 conservaverit,
1023 2759 1079 2844 qui
1101 2757 1255 2842 deinceps
1275 2760 1402 2824 itinera-

352 2865 436 2928 rium
451 2865 538 2929 Petri
561 2863 671 2929 decem
694 2865 910 2929 voluminibus
933 2863 1093 2944 digestum
1111 2865 1186 2926 luce
1208 2862 1326 2926 clarius
1344 2863 1402 2925 eli·

352 2968 462 3046 mavit,
492 2966 613 3046 Rufino
648 2967 681 3031 in
713 2966 864 3030 Latinum
901 2987 945 3029 ex
974 2966 1161 3030 Groecorum
1191 2963 1405 3029 Bibliotbeeis

352 3079 504 3134 vertente.

398 3171 559 3254 Sylvester
578 3171 633 3253 qui
657 3171 744 3254 apud
765 3171 901 3235 Romam
920 3169 1122 3234 Pontificalis
1140 3167 1311 3232 Catbedrae
1334 3189 1403 3232 sus·

352 3273 442 3355 cepit
463 3270 687 3348 sacerdotium,
708 3293 766 3355 per
791 3293 902 3336 omnes
925 3273 1065 3355 Europae
1086 3271 1270 3354 provincias
1292 3283 1325 3334 et
1345 3271 1404 3334 flo-

352 3373 450 3436 rentis
476 3371 627 3436 Ausoniae
656 3373 836 3455 parochias,
860 3393 958 3456 quam
984 3373 1136 3455 glaciales
1160 3374 1280 3457 alpium
1303 3375 1404 3438 saltus

354 3471 524 3557 praeruptis
535 3473 738 3555 scopulorum
751 3473 901 3536 cautibus
911 3472 1055 3554 cingunt,
1068 3473 1167 3554 signis
1181 3473 1405 3536 miraculorum

354 3573 632 3638 crebrescentibus
654 3575 778 3651 claruit,
798 3573 958 3657 siquidem
983 3575 1238 3638 incontaminata
1262 3575 1405 3657 corporis

354 3677 514 3764 pudicitia
536 3679 635 3742 fretus
658 3689 692 3742 ct
711 3677 783 3761 jugi
807 3675 1009 3740 abstinentiae
1030 3677 1225 3759 parsimonia
1243 3676 1405 3760 praeditus,

355 3778 397 3842 ad
411 3777 569 3842 letiferum
580 3779 692 3842 Ronm
708 3777 880 3842 draconem
888 3777 921 3838 in
938 3777 1137 3840 clandestino
1149 3789 1270 3860 cryptae
1284 3779 1404 3861 spelaeo

354 3881 546 3958 latitantem,
575 3880 630 3963 qui
660 3879 822 3942 virulentis
851 3877 999 3941 faucibus
1028 3889 1060 3940 et
1090 3878 1239 3961 pestifero
1274 3879 1405 3962 spiritus

354 3981 500 4047 anhelitu
523 3981 641 4045 aethera
665 4001 873 4063 corrumpens
894 3980 1045 4044 miserum
1067 3980 1223 4063 populum
1246 3981 1407 4045 attrociter

354 4085 505 4160 vexabat,
530 4105 590 4167 per
614 4095 768 4147 centenos
789 4082 980 4146 latebrarum
1011 4080 1129 4163 gradm
1157 4082 1326 4146 introrsum
1349 4083 1404 4145 de·

355 4183 520 4250 scendisse
547 4185 655 4262 lemur,
677 4195 710 4248 et
737 4181 871 4246 eandem
895 4183 982 4244 mira
1007 4181 1236 4264 magnitudinis
1257 4184 1404 4264 bestiam,

355 4286 409 4348 cui
439 4305 638 4368 paganorum
667 4283 804 4367 decepta
830 4283 993 4364 gentilitas
1020 4283 1062 4346 ad
1092 4283 1267 4348 sedandam
1290 4285 1405 4348 furoris

356 4387 530 4462 vesaniam,
552 4387 700 4451 fanaticae
722 4385 917 4450 lustrationis
939 4387 1098 4469 spurcalia
1120 4387 1334 4466 thurificabat,
1355 4389 1404 4451 in-

354 4489 540 4554 extricabili
556 4490 686 4554 collario
705 4488 911 4552 constrictam
927 4500 1090 4569 perpetua
1111 4489 1245 4552 ultionis
1260 4487 1404 4554 animad-
