3759 5425
455 668 515 727 lec

767 685 809 729 DE
825 683 989 730 LADDIDUS
1003 681 1183 731 vraclnclt.

542 836 669 920 Nempe
685 845 784 901 tenax
799 837 909 921 scripti
923 837 1035 913 fuerat,
1051 839 1210 922 veloxque
1226 832 1356 917 legendi

540 937 605 1001 Sed
619 959 712 1002 secus
726 939 833 1002 evcnit
845 941 978 1002 formnae
993 961 1087 1004 casas
1102 961 1230 1024 opacae:

539 1041 626 1103 Dum
642 1041 716 1124 pius
731 1041 882 1126 opposuit
896 1041 969 1104 fatis
984 1043 1143 1107 contraria
1157 1043 1229 1106 fata.

540 1145 639 1208 Duria
654 1167 725 1228 quae
740 1143 864 1209 dudum
878 1143 1024 1208 servabat
1038 1146 1170 1209 numina
1186 1147 1303 1221 Vestae,

541 1245 687 1310 Credidit
701 1246 907 1310 altithronum
921 1247 997 1310 coeli
1013 1247 1068 1330 qai
1084 1257 1211 1328 secptra
1225 1247 1391 1328 gubernat,

542 1348 705 1412 Facundia
721 1350 809 1432 virgo
823 1349 928 1412 verbis
943 1369 1096 1412 conversa
1112 1348 1293 1431 chrysanti.

540 1450 635 1514 Tunc
651 1451 802 1514 simulata
815 1451 875 1514 tori
890 1450 1018 1531 fingunt
1032 1451 1193 1513 consortia
1208 1449 1285 1526 latu,

541 1551 688 1614 Moribus
702 1561 735 1614 et
749 1551 846 1614 castis
857 1551 965 1613 vivunt
979 1551 1181 1614 concorditer
1192 1551 1297 1627 ambo,

543 1653 591 1716 Ut
603 1673 753 1736 spurcum
768 1653 897 1735 penitus
913 1655 1047 1717 vitarent
1061 1661 1192 1736 pectore
1206 1672 1342 1726 naevnm,

544 1755 588 1817 Et
602 1755 760 1818 maculam
776 1754 912 1817 Veneris
926 1755 1047 1838 prdlam
1064 1775 1137 1817 cum
1153 1751 1250 1816 corde
1266 1752 1430 1834 fugissent.

547 1855 627 1919 I‘ost
641 1855 711 1919 haee
727 1855 880 1939 baptismi
895 1856 1028 1920 sacratis
1044 1856 1198 1938 tinguitur
1212 1852 1318 1931 andis,

545 1959 711 2029 Quatenus
726 1958 860 2020 exuvias
874 1957 995 2040 spoliat
1009 1969 1044 2020 et
1056 1969 1162 2020 mente
1178 1957 1328 2034 vetustus,

543 2059 588 2120 Et
603 2079 688 2122 nova
701 2058 742 2123 de
757 2057 879 2142 liquido
893 2069 1036 2121 sumatur
1049 2059 1171 2140 gurgite
1184 2057 1288 2121 lodix.

543 2159 628 2222 Tum
644 2160 733 2241 virgo
748 2171 888 2222 veterum
904 2159 1023 2238 sprevit
1038 2158 1233 2223 documenta
1245 2159 1409 2233 lihrnmm,

544 2262 588 2324 Et
603 2262 747 2344 sequitur
762 2260 883 2325 Christi
898 2259 1063 2345 quadratis
1078 2260 1230 2344 dogmata
1242 2261 1348 2324 biblis.

543 2361 626 2435 Quis
639 2362 755 2447 poterit
770 2362 857 2442 vulgi
872 2371 977 2425 tantas
991 2382 1155 2425 numerare
1171 2372 1323 2440 catervas,

545 2465 690 2536 Quantas
704 2464 862 2546 exemplis
876 2478 1051 2544 coegerunt
1065 2463 1194 2528 eredere
1211 2462 1360 2528 Christo?

545 2565 696 2629 Traditur
709 2563 831 2629 idcirco
844 2565 952 2647 poenis
966 2565 1164 2647 torquendus
1178 2566 1312 2640 acerbis,

547 2668 759 2751 Septuaginta
774 2666 832 2731 viri
847 2689 941 2751 quem
959 2666 1059 2730 denso
1075 2666 1175 2730 milite
1191 2678 1326 2743 servant,

547 2770 700 2832 Herculis
714 2770 748 2832 in
765 2769 851 2847 sano,
867 2769 900 2831 ni
916 2770 1020 2832 forsan
1038 2768 1130 2831 tlrura
1144 2770 1260 2833 litarat.

544 2869 638 2932 Tunc
654 2870 746 2933 miles
760 2870 859 2953 erupit
873 2868 961 2932 dirus
977 2890 1093 2933 vexare
1109 2883 1277 2949 negantem

545 2969 706 3032 Athletam
722 2970 856 3032 Domini
870 2970 985 3033 fretum
1000 2970 1113 3034 virtute
1128 2992 1277 3055 superna,

548 3069 631 3133 Udis
645 3082 678 3134 et
692 3069 800 3135 crudis
814 3092 981 3135 nervorum
996 3073 1138 3135 nexibus
1152 3094 1284 3155 angens,

545 3170 681 3235 Torrida
695 3171 888 3236 flammantis
902 3173 1037 3235 laturum
1054 3186 1201 3238 caumata
1216 3176 1302 3238 solis.

547 3272 613 3337 Sed
627 3285 749 3358 puncto
764 3273 860 3337 citius
874 3274 1024 3337 laxantur
1037 3274 1106 3339 lora
1120 3276 1247 3339 lacertis

548 3377 777 3459 Omnipotente
792 3376 865 3438 Deo
879 3389 980 3439 restes
994 3375 1135 3440 solvente
1151 3377 1316 3441 nefandos.

548 3478 593 3541 Et
607 3499 697 3568 suras
711 3478 826 3541 iterum
841 3477 1010 3561 cipporum
1025 3478 1153 3541 vincula
1169 3478 1333 3557 claudunt,

548 3580 712 3663 Cruraquc
725 3600 799 3643 cum
813 3577 922 3661 rigidis
938 3580 1109 3643 tractabant
1124 3578 1250 3662 turgida
1264 3581 1378 3663 lignis:

549 3682 726 3765 Extemplo
741 3681 873 3765 cippum
888 3679 983 3743 findit
997 3692 1144 3762 regnator
1158 3682 1299 3764 Olympi,

549 3784 701 3858 Quamvis
714 3783 801 3846 hunc
817 3782 924 3845 stolidi
940 3792 1065 3845 coecata
1081 3793 1185 3847 mente
1199 3782 1343 3865 ligarent.

551 3886 644 3949 Lotia
657 3896 734 3949 tune
749 3883 844 3947 lictor
858 3882 997 3946 erudelis
1011 3903 1160 3965 spargere
1169 3884 1279 3969 jussit,

550 3988 665 4051 Sacros
680 3986 867 4049 humectans
882 3996 968 4049 artus
984 3985 1091 4048 faetore
1107 3987 1244 4067 putenti,

550 4090 615 4162 Qui
629 4089 793 4173 liqueant
807 4085 931 4164 dieunt,
946 4098 1047 4149 atrum
1064 4086 1254 4171 phantasma
1270 4086 1410 4168 sugebat,

552 4192 640 4255 Dum
656 4209 783 4253 vernam
801 4188 932 4251 Domini
950 4199 1057 4269 sperat
1071 4188 1289 4251 necromantia
1305 4190 1428 4265 fretum,

549 4292 615 4357 Sed
630 4302 725 4374 putor
739 4290 931 4353 ambrosiam
943 4289 1102 4370 fragrabat
1116 4296 1244 4351 nectare
1260 4308 1398 4352 suavem.

551 4394 640 4456 Exin
657 4401 788 4455 tortores
803 4392 951 4454 buculam
969 4388 1137 4471 deglobere
1152 4389 1238 4453 birsa

553 4492 722 4570 Mandant,
737 4504 771 4555 at
785 4490 884 4554 crudo
900 4490 1091 4571 stringantur
1108 4502 1229 4572 tergore
1246 4492 1386 4555 membra
