3759 5425
634 720 787 767 sersrom
805 722 848 767 so
865 722 1040 784 acrncrnu,
1055 724 1129 770 erc.
1345 710 1411 771 297

238 926 240 931 .
351 872 483 949 itinera,
512 874 664 951 facinore,
693 876 871 958 pelagicus,
903 878 1065 959 puerulus,
1094 876 1292 961 manipulus,
1321 877 1410 962 quod

238 1028 239 1033 ,
352 994 477 1037 nomen
503 974 536 1037 in
566 975 737 1061 Dactylico
764 978 954 1041 hexametro
975 978 1134 1061 integrum
1159 998 1225 1042 non
1253 979 1411 1062 congruit,

352 1072 480 1139 idcirco
500 1078 677 1159 saepissime
691 1100 711 1140 a
725 1078 831 1161 poetis
852 1098 909 1161 per
929 1098 1105 1163 syncopam
1123 1079 1244 1143 vocalis
1259 1100 1282 1142 n
1297 1081 1409 1164 explo-

354 1174 455 1239 ditur.
500 1178 668 1242 Sedulius:

503 1284 641 1338 Portantes
652 1292 741 1338 nostro
754 1285 860 1339 Christo
872 1288 994 1340 veniente
1006 1285 1142 1357 maniplos.

357 1382 531 1464 Virgilius:

923 1510 974 1546 non
985 1510 1030 1546 ore
1041 1493 1127 1546 soluto

502 1578 632 1631 Immundl
644 1579 786 1631 meminere
798 1596 859 1631 sues
866 1580 967 1651 jactare
978 1578 1123 1651 maniplos;

358 1676 555 1759 geniculum,
569 1676 750 1755 latibulum,
771 1676 961 1760 patibulum.
1007 1676 1098 1744 Solet
1126 1674 1222 1739 etiam
1252 1676 1413 1741 interdum

357 1777 665 1863 proceleusmaticus
687 1799 706 1841 a
725 1778 817 1842 tertia
836 1778 1052 1842 declinatione
1071 1798 1129 1861 per
1148 1776 1301 1862 obliquos
1319 1800 1413 1843 casua

361 1878 469 1942 dativo
484 1890 516 1942 et
536 1880 675 1943 ablativo
696 1880 857 1963 progigni,
871 1890 907 1943 ut
921 1880 1116 1957 nemoribus,
1131 1879 1293 1963 operibus,
1309 1882 1413 1945 oneri·

359 1983 433 2060 bus,
448 1982 612 2059 lateribus,
631 1980 816 2059 comitibus,
835 1981 1010 2061 segetibus,
1029 1980 1203 2058 cineribus,
1227 1980 1415 2058 sceleribus,

360 2084 544 2169 pecoribus,
563 2083 737 2166 leporibus,
759 2082 939 2165 generibus,
961 2083 1144 2164 gracilibus,
1165 2082 1326 2161 facilibus,
1348 2085 1414 2167 agi·

360 2185 459 2262 libus,
483 2185 646 2262 teretibus,
664 2184 834 2261 veteribus,
855 2184 1052 2266 proceribus.
1098 2184 1226 2247 Genera
1247 2187 1415 2249 verborum

362 2286 516 2353 concordi
547 2287 696 2369 suffragio
732 2284 1010 2370 proceleusmatici
1046 2285 1166 2364 regulis
1194 2286 1414 2351 obsecundare

363 2400 551 2468 noscuntur,
574 2399 610 2453 ut
638 2388 800 2465 misereor,
823 2388 973 2470 opitulor,
996 2387 1105 2462 arieto,
1127 2386 1274 2462 humilio,
1297 2389 1416 2472 aperio,

364 2494 484 2577 operio,
513 2492 647 2576 reperio,
676 2490 806 2575 sepelio.
862 2488 957 2553 Unde
986 2488 1124 2570 Prosper
1151 2488 1295 2569 elegiaco
1325 2510 1416 2553 versu

364 2615 430 2657 non
445 2593 597 2657 desonam
612 2592 743 2677 protulit
758 2591 950 2673 syllabarum
964 2589 1105 2668 regulam
1120 2584 1234 2650 dicens

509 2700 604 2770 Fitque
615 2717 697 2753 novus
708 2699 770 2751 vita.

368 2798 598 2884 Subjunctivus
636 2817 765 2880 quoque
803 2807 947 2878 tempore
976 2794 1135 2876 praeterito
1171 2792 1313 2877 perfecto
1343 2813 1418 2877 pro·

368 2899 594 2966 celeusmatico
619 2899 809 2978 suffragatur
838 2917 857 2959 a
886 2893 1030 2959 secunda
1059 2893 1218 2958 duntaxat
1246 2893 1298 2957 vel
1327 2892 1419 2958 tertia

370 3000 608 3085 conjugatione,
622 3007 658 3061 nt
676 2996 851 3074 docuerim,
868 2997 1039 3069 timuerim,
1063 2996 1227 3077 viguerim,
1240 2995 1417 3075 habuerim,

370 3102 552 3188 arripuerim.
600 3100 665 3163 Ut:

510 3208 584 3260 Sicca
595 3206 745 3278 peregrinas
756 3209 908 3275 stupuerunt
920 3221 1048 3258 marmora
1058 3202 1169 3276 plantas.

371 3304 554 3382 Scanditur,
573 3323 634 3366 nas
656 3312 763 3385 stupu,
779 3300 949 3383 dactylus;
985 3300 1153 3382 patuerim,
1176 3300 1333 3374 latuerim,
1358 3309 1421 3362 sta·

372 3407 504 3483 tuerim;
526 3415 578 3470 ut:

510 3513 538 3566 N
539 3531 582 3566 am
593 3513 685 3566 statuit
696 3513 799 3580 genitor
810 3527 909 3572 rerunt

372 3613 540 3698 rapuerim,
563 3611 736 3687 tribuerim,
766 3608 943 3684 metuerim,
971 3605 1178 3688 nequiverim.
1225 3603 1310 3668 Nam
1339 3623 1357 3666 e
1387 3603 1421 3666 iu

374 3716 552 3802 penultimo
585 3710 781 3797 subjunctivi
811 3707 899 3772 modi
928 3719 1071 3790 tempore
1099 3705 1241 3788 perfecto
1262 3703 1423 3789 praeterito

376 3839 499 3902 semper
513 3815 692 3901 corripitur,
705 3827 741 3876 ut
755 3809 911 3874 Prisciani
925 3807 1098 3873 auctoritas
1112 3807 1277 3892 approbat.

417 3919 459 3983 D.
484 3918 538 3982 Da
560 3916 725 3982 divisionis
746 3925 779 3978 et
800 3911 981 3996 partitionis
1004 3908 1293 3993 qualitatem-M.
1315 3907 1426 3989 AEqua

377 4020 574 4086 discretionis
593 4017 729 4082 formula
749 4011 1053 4098 proceleusmaticus
1079 4008 1325 4073 discriminatur.
1370 4005 1424 4070 Id·

378 4125 462 4190 circo
492 4122 572 4186 arsis
601 4130 634 4183 et
663 4117 763 4181 thesis
792 4137 884 4200 aequa
913 4114 1109 4197 syllabarum
1131 4110 1252 4175 trutina
1273 4119 1306 4173 et
1327 4109 1424 4193 requi·

378 4235 509 4309 parante
530 4233 711 4304 temporum
734 4218 849 4298 exagio
872 4218 990 4299 pariter
1012 4211 1283 4297 ponderabuntur,
1298 4211 1361 4274 hoc
1376 4223 1426 4273 est

377 4329 454 4392 bino
469 4339 501 4390 et
515 4325 604 4388 bino.

421 4429 463 4492 D.
498 4429 571 4501 Quo
602 4437 711 4488 tenore
747 4417 1054 4505 proceleusmaticus
1082 4416 1338 4501 protertur-M.
1373 4415 1430 4478 ln·

381 4533 505 4614 dirupta
520 4543 552 4592 et
565 4525 753 4591 inconvulsa
766 4521 924 4584 firmitatis
941 4539 1076 4584 censura
1090 4539 1217 4602 semper
1231 4516 1363 4582 acuitur.
