3759 5425
676 721 716 765 ns
734 721 897 768 moerens
912 721 1148 770 vinornrrsrrs.
1419 713 1438 770 8

379 871 494 934 densis
520 873 731 955 remigantum
758 875 941 956 agminibus
971 878 1215 961 circumseptus,
1240 899 1297 960 per
1322 880 1440 942 vitreos

378 973 506 1036 Oceani
532 975 675 1056 gurgites
698 975 893 1040 celerrimam
921 999 1020 1060 agens
1043 979 1204 1042 liburnam
1226 991 1281 1043 aut
1301 979 1440 1057 lintrem,

379 1073 539 1138 instanter
559 1077 707 1140 hortante
729 1091 865 1161 proreta,
881 1089 913 1141 et
927 1091 1078 1161 crepante
1099 1081 1242 1143 naucleri
1262 1081 1439 1163 portisculo

378 1178 544 1259 spumosis
559 1179 742 1261 algosisque
758 1201 915 1242 remorum
932 1182 1085 1244 tractibus
1099 1181 1208 1245 trudit.

425 1279 491 1341 Ill.
515 1280 561 1341 Et
576 1279 705 1362 quidem
720 1280 870 1343 universa
884 1281 967 1359 baec,
982 1303 1054 1365 quae
1075 1302 1134 1365 per
1153 1285 1438 1366 gymnosophistas

379 1380 528 1442 exerceri
550 1377 819 1464 deprompsimus,
841 1381 923 1446 inter
944 1383 1109 1445 scholares
1128 1383 1319 1446 secularium
1340 1382 1437 1448 disci·

379 1481 496 1561 plinas,
512 1481 601 1565 apud
615 1484 710 1545 vestri
733 1482 945 1566 discipulatus
964 1484 1167 1564 industriam,
1181 1507 1247 1548 non
1269 1487 1439 1550 exterioris

378 1582 520 1646 hominis
536 1585 677 1648 motibus
696 1597 843 1668 aguntur,
858 1585 914 1650 sed
929 1587 1088 1650 interioris
1108 1601 1261 1668 geruntur
1283 1588 1436 1668 gestibus.

380 1683 551 1768 Siquidem
580 1687 836 1766 microcosmum,
865 1689 901 1752 id
929 1701 989 1765 est,
1018 1690 1174 1753 minorem
1205 1690 1362 1754 mundum
1393 1712 1435 1753 ex

381 1785 517 1870 duplici,
550 1805 583 1853 et
613 1792 741 1871 gemina
769 1793 910 1856 materiae
941 1793 1118 1857 substantia
1146 1805 1292 1856 constare
1322 1805 1434 1856 restra

379 1891 564 1968 sagacitatis
579 1893 738 1956 solertiam
754 1915 820 1956 non
836 1894 971 1957 arbitror
986 1895 1103 1970 latere3
1127 1895 1205 1976 quin
1225 1895 1334 1978 potius
1349 1895 1435 1957 sicut

378 1993 549 2056 exterioris
569 1995 710 2058 hominis
732 2007 854 2070 natura,
870 1997 925 2080 qni
946 1996 980 2058 in
1000 1996 1173 2078 propatulo
1192 1995 1346 2058 formatus
1361 1995 1436 2058 visi·

378 2091 486 2156 biliter
502 2096 710 2178 conspicitur,
721 2097 810 2161 haud
822 2096 1010 2160 difficillime
1027 2095 1223 2179 deprehendi
1238 2107 1358 2179 potest:
1384 2098 1437 2159 lta

377 2194 538 2260 interioris
561 2200 757 2283 qualitatem,
778 2200 835 2282 qui
856 2199 980 2262 coelesti
1001 2197 1127 2260 afflatus
1149 2198 1321 2282 spiraculo,
1337 2198 1436 2281 juxta

378 2295 547 2360 Geneseos
561 2298 708 2374 relatum,
724 2297 874 2374 creditur,
889 2308 1026 2359 svestra
1043 2295 1213 2379 prudentia
1232 2295 1433 2358 membratim

378 2406 410 2458 et
424 2398 639 2480 particulatim
662 2399 819 2462 subtiliter
839 2400 1063 2478 investigatam
1078 2419 1157 2460 reor.
1202 2397 1334 2461 Etenim
1350 2399 1434 2461 cele·

378 2497 533 2560 berrimus
548 2499 602 2560 ille
618 2498 737 2562 Christi
751 2499 889 2562 nominis
904 2497 1043 2580 gerulus,
1054 2496 1095 2560 ad
1110 2497 1296 2580 exemplum
1311 2497 1433 2561 militiae

378 2596 634 2663 Christianorum
661 2621 798 2682 agonem
823 2600 957 2684 protulit
978 2599 1199 2682 gymnicorum
1223 2596 1353 2662 dicens:
1386 2600 1433 2660 Et

377 2701 430 2762 illi
458 2701 592 2785 quidem
622 2712 659 2766 ut
688 2702 931 2784 corruptibilem
962 2722 1112 2764 coronam
1140 2701 1325 2779 accipiant:
1365 2702 1433 2763 Nor

378 2811 486 2867 autem
503 2807 741 2886 incorruptam,
756 2818 788 2869 et
802 2806 899 2881 alibi;
923 2807 997 2867 Non
1016 2804 1112 2886 quasi
1130 2822 1238 2864 aerem
1256 2800 1434 2882 verberone,

377 2914 410 2965 et
432 2906 579 2988 quamvis
601 2908 820 2990 gymnicorum
844 2906 1007 2989 exempla,
1028 2925 1101 2987 quse
1124 2903 1266 2983 agilitate
1288 2907 1432 2989 corporis

278 3004 282 3011 '
378 3004 551 3071 theatrales
570 3010 682 3093 populi
701 3031 848 3093 pompas,
865 3020 897 3071 et
918 3007 1082 3091 praeconia
1101 3006 1294 3069 circensium
1313 3006 1432 3091 adipis·

377 3121 502 3187 cuntur,
516 3110 577 3174 rite
599 3123 779 3191 congruant
797 3110 840 3174 ad
861 3108 1132 3192 comparationem
1153 3128 1276 3186 eorum,
1297 3109 1352 3192 qui
1374 3130 1433 3191 per

376 3212 482 3295 ampla
492 3213 724 3297 Scripturarurn
741 3211 844 3275 stadia
859 3210 1065 3273 decurrentes
1080 3208 1316 3291 sagacissimam
1333 3210 1431 3273 animi

376 3314 578 3391 industriam,
592 3328 625 3378 et
644 3316 761 3379 vivacis
781 3313 903 3397 ingenii
927 3312 1112 3397 qualitatem
1137 3310 1265 3373 assidua
1283 3310 1431 3373 lectionis

376 3417 529 3481 instantia
543 3438 692 3481 exercere
708 3426 891 3481 noscuntur.

419 3518 478 3581 lv.
501 3521 652 3582 Attamen
669 3518 883 3581 solertissima
904 3517 973 3600 apis
992 3516 1181 3580 industriam
1196 3515 1357 3598 praedictis
1372 3535 1429 3577 ex-

377 3616 555 3698 emplorum
570 3616 715 3679 formulis
730 3615 872 3699 coaptari
886 3636 993 3698 posse,
1008 3615 1168 3677 uberrima
1181 3635 1286 3675 rerum
1301 3615 1429 3696 experi-

376 3728 483 3782 menta
507 3717 632 3801 liquido
658 3717 831 3793 declarant,
852 3738 924 3801 quae
950 3716 1077 3781 roscido
1098 3716 1279 3777 facessente
1299 3735 1429 3797 crepus-

376 3820 459 3899 culo,
475 3831 508 3883 et
521 3829 635 3883 exorto
652 3818 872 3901 limpidissimi
888 3818 966 3881 solis
982 3817 1108 3900 jubare,
1124 3814 1244 3878 densos
1263 3817 1429 3899 extemplo

378 3919 621 4003 tripudiantium
646 3930 818 3983 turmarum
849 3919 1010 3982 exercitus
1039 3938 1098 4001 per
1125 3924 1272 3999 patentes
1296 3938 1430 4000 campos

377 4021 529 4103 gregatim
545 4018 739 4085 diffundunt.
784 4020 889 4085 Modo
904 4019 1077 4099 melligeris
1093 4018 1245 4081 caltarum
1261 4018 1428 4083 frondibus

375 4141 429 4183 seu
443 4123 615 4207 purpureis
630 4124 806 4186 malvarum
820 4122 953 4186 floribus
964 4122 1165 4197 incubantes,
1174 4121 1280 4184 mulsa
1289 4123 1429 4186 nectaris

374 4224 539 4289 stillicidia
558 4226 705 4307 guttatim
726 4236 829 4287 rostro
853 4223 1043 4305 decerpunt,
1057 4233 1089 4284 et
1103 4222 1191 4285 velut
1209 4221 1299 4284 lento
1320 4224 1429 4286 careni

375 4323 508 4405 defruto,
523 4326 613 4411 quod
632 4327 793 4409 regalibus
814 4325 944 4387 ferculis
966 4322 1148 4401 conficitur,
1163 4322 1256 4386 avida
1270 4324 1426 4387 viscerum

374 4430 578 4513 receptacula
607 4428 750 4493 certatim
781 4426 915 4509 implere
946 4421 1166 4499 contendunt3
1202 4422 1300 4487 modo
1331 4425 1427 4487 flare·

372 4540 497 4593 scentes
512 4530 663 4595 saliculas
681 4541 713 4593 et
734 4538 862 4593 crocata
883 4525 1079 4607 genistarum
1100 4525 1270 4589 cacumina
1291 4522 1425 4586 circum·

869 4642 889 4685 a
906 4630 926 4685 a
