3759 5425
701 680 744 726 us
759 680 925 727 sanamus
940 681 1120 727 vruuranu.
1373 665 1433 724 187

475 832 520 895 Ut
534 829 607 895 fasti
621 832 736 897 seriem
749 835 880 898 memini
891 833 1013 898 dixisse
1027 835 1165 917 priorem

469 933 515 996 Et
530 932 654 997 dudum
669 935 828 1019 prompsit
840 947 914 998 voto
929 933 1109 1018 spondente
1123 935 1260 1000 libellus.

471 1035 548 1098 Non
562 1055 641 1117 rogo
656 1038 811 1101 ruricolas
825 1058 948 1114 versus,
964 1046 996 1100 et
1012 1045 1172 1102 commata
1186 1039 1312 1112 Musas,

473 1137 545 1199 Nec
560 1149 636 1220 peto
653 1138 836 1203 castalidas
851 1147 1023 1202 metrorum
1038 1139 1166 1202 cantica
1179 1138 1340 1222 nymphas

472 1236 559 1313 Quas
573 1239 687 1304 dicunt
701 1241 864 1305 Helicona
872 1240 989 1324 jugum
1005 1261 1128 1304 servare
1144 1263 1327 1325 supernum,

472 1340 544 1404 Nec
558 1362 682 1426 precor,
697 1354 733 1407 ut
746 1343 891 1408 Phoebus
905 1345 1047 1427 lingnam
1063 1364 1207 1407 sermone
1222 1345 1392 1427 loquacem

473 1441 592 1522 Dedat‚
606 1465 703 1528 quem
717 1445 803 1508 Delo
819 1444 944 1528 peperit
959 1445 1085 1508 Latona
1100 1444 1248 1508 creatrix.

473 1545 628 1609 Versibus
640 1546 783 1610 infandis
796 1568 874 1610 nam
888 1567 1056 1631 nunquam
1071 1544 1178 1610 dicere
1194 1546 1319 1628 dignor,

476 1647 523 1709 Ut
538 1648 703 1730 qnondam
718 1657 848 1731 argutus
864 1647 961 1712 fertur
976 1648 1098 1712 dixisse
1113 1656 1221 1732 poeta,

470 1745 603 1811 Sandite
618 1769 706 1812 nunc
722 1749 887 1814 Helicona
902 1748 994 1824 Deae,
1010 1758 1188 1832 cantusque
1204 1758 1340 1827 movete,

473 1845 538 1910 Sed
552 1849 661 1933 potius
674 1849 759 1912 nitar
772 1849 923 1933 precibus
936 1849 1062 1932 pulsare
1078 1857 1253 1929 tonantem,

472 1948 536 2020 Qui
549 1951 644 2014 nobis
657 1949 778 2034 placidi
793 1951 917 2015 confert
931 1952 1060 2014 oracula
1075 1951 1172 2028 verbi,

471 2050 615 2115 Verbum
629 2050 670 2115 de
683 2053 779 2116 verbo
793 2061 879 2136 pete,
894 2052 957 2116 hoc
972 2052 1145 2116 Psalmista
1158 2053 1305 2132 canebat,

473 2148 580 2215 Corde
594 2153 694 2234 patris
708 2153 864 2234 genitum,
879 2153 967 2236 quod
978 2154 1086 2236 proles
1101 2154 1197 2220 unica
1210 2163 1346 2234 constat,

472 2250 544 2322 Quo
559 2261 650 2335 pater
664 2251 867 2334 omnipotens
881 2272 939 2335 per
951 2251 1107 2315 mnndum
1122 2263 1240 2315 cuncta
1254 2254 1382 2317 creavit.

473 2350 528 2414 Sic
542 2352 647 2436 patris
661 2361 695 2414 et
708 2351 807 2435 prolis
823 2350 971 2434 dignetur
985 2351 1115 2436 spiritus
1130 2352 1234 2414 almus

471 2453 640 2517 Auxilium
653 2452 761 2533 fragili
775 2454 948 2518 clementer
962 2452 1078 2517 dedere
1091 2474 1193 2522 servo.

471 2554 536 2617 Est
549 2576 690 2639 namque
705 2556 740 2619 in
755 2555 886 2619 Deitate
900 2576 1035 2618 manens
1050 2554 1229 2619 substantia
1244 2556 1395 2641 simplex,

472 2655 512 2719 ln
527 2654 646 2720 deitate
660 2667 769 2721 manet
783 2677 914 2742 quoque
929 2655 1136 2720 subsistentia
1150 2654 1279 2737 triplex,

472 2757 653 2842 Proprietas
668 2780 743 2842 ergo
759 2759 907 2823 credatur
920 2760 1050 2823 nomine
1065 2758 1161 2835 trino,

471 2860 629 2944 Mejestas
645 2882 719 2923 vero
735 2860 858 2925 dicatur
872 2860 1003 2925 nomine
1019 2860 1146 2943 simplo.

472 2960 623 3043 Namque
637 2960 718 3024 fides
732 2962 820 3041 cogit
834 2982 988 3045 personas
1003 2960 1131 3025 credere
1146 2970 1260 3026 ternas.

473 3059 537 3123 Sed
552 3071 667 3124 natura
682 3060 756 3137 Dei,
771 3061 846 3124 coeli
860 3061 1014 3143 praeclara
1029 3062 1176 3140 creatrix,

473 3160 592 3224 Omnia
604 3160 771 3243 regnando
786 3161 954 3245 dispensat
967 3164 1077 3226 secula
1092 3162 1240 3245 simplex.

515 3263 570 3325 Eu
587 3262 743 3346 promissa
758 3283 841 3325 noro
855 3263 1034 3327 scribantur
1048 3263 1191 3327 carmina
1205 3284 1296 3327 versu

473 3365 608 3429 Garrula
622 3366 781 3446 virgineas
795 3364 963 3448 depromat
975 3366 1096 3450 pagina
1110 3362 1233 3442 laudes,

474 3465 621 3550 Colsque
636 3486 709 3529 cnm
724 3464 863 3550 pedibus
878 3477 1016 3549 pergant
1029 3476 1067 3529 et.
1077 3474 1237 3528 commata
1251 3464 1359 3542 ternis,

473 3566 634 3649 Dactylus
648 3576 787 3650 excepto
803 3565 949 3630 decurrat
964 3566 1029 3630 fine
1044 3573 1227 3643 metrorum,

473 3665 627 3752 Spondaei
642 3666 788 3750 quintam
803 3677 989 3730 contemnat
1004 3667 1127 3749 syllaba
1140 3674 1281 3747 partem:

473 3767 595 3831 Ultima
610 3767 657 3830 sic
671 3767 793 3832 trochei
809 3766 985 3831 concludat
999 3767 1091 3830 litera
1105 3785 1240 3841 versum,

473 3870 650 3933 Extremus
657 3868 780 3952 jugiter
795 3869 850 3953 qui
865 3867 984 3951 gaudet
997 3870 1084 3931 calce
1100 3866 1211 3930 teneri.

474 3970 527 4036 Sic
540 3970 642 4034 ternis
656 3971 796 4054 pedibus
810 3982 983 4055 properent
998 3970 1227 4053 epigrammata
1241 3970 1345 4046 metri,

472 4073 543 4135 Nec
559 4072 619 4135 tibi
634 4071 764 4136 difficile
778 4092 909 4155 prorsus
924 4070 1101 4154 quidquam
1116 4069 1250 4133 arbitror
1265 4090 1346 4150 esse,

472 4172 536 4245 Qui
550 4171 670 4235 crebris
684 4172 809 4235 vicibus
823 4182 945 4235 naturas
954 4172 1028 4257 jura
1040 4172 1177 4249 relaxas,

471 4274 556 4336 Nam
570 4273 665 4336 nobis
679 4273 814 4337 rudibus
829 4282 970 4337 veterum
986 4282 1193 4335 monumenta
1207 4272 1359 4338 librorum

472 4375 617 4440 Vocibus
631 4374 781 4438 humanis
795 4376 915 4438 santam
930 4382 1086 4437 testantur
1100 4374 1241 4453 asellam,

473 4477 610 4541 Garrula
624 4496 697 4559 quae
712 4474 837 4558 pridem
851 4475 1008 4538 bombosa
1024 4472 1113 4537 fauce
1128 4471 1272 4553 rudebat,
