3759 5425
657 764 812 809 nmsrous
829 765 872 809 sn
887 764 1065 827 scrncruss,
1081 768 1152 813 arc.
1370 756 1433 815 243

379 922 435 977 aut
449 914 552 997 primo
568 922 600 979 et
615 929 738 1001 quarto,
753 928 806 981 ut:

521 1012 588 1067 Cum
600 1014 674 1080 fletu,
686 1016 856 1087 precibusque
868 1015 937 1081 tulit,
951 1036 997 1088 per
1009 1018 1095 1071 sidem
1107 1024 1197 1071 testor.

379 1110 434 1163 ant
449 1103 593 1167 secundo
610 1116 642 1168 et
657 1116 780 1188 quarto,
795 1114 847 1169 ut:

520 1201 632 1271 Jamque
644 1201 712 1255 vale!
732 1209 835 1272 torquet
847 1202 945 1256 medios
957 1222 1009 1257 uox
1021 1204 1129 1258 humida
1140 1222 1244 1258 cursus:

378 1309 434 1360 aut
448 1298 541 1361 tertio
557 1312 589 1362 ct
604 1312 727 1384 quarto,
743 1312 797 1364 ut:

520 1397 649 1451 Ascanius
660 1399 746 1451 meriti
758 1401 825 1452 tanti
837 1417 888 1451 uon
900 1400 1036 1453 immemor
1046 1418 1169 1469 unquam.
1259 1419 1264 1435 ·

422 1495 465 1558 D.
503 1496 559 1559 Ex
588 1518 680 1561 versu
710 1497 850 1561 sedecim
882 1499 1076 1581 syllabarum
1107 1512 1187 1582 quot
1215 1502 1340 1584 species
1370 1501 1431 1565 sibi

378 1615 547 1681 usurpasse
570 1597 821 1681 deprehenditur
831 1596 937 1662 i—M.
964 1597 1058 1664 Licet
1077 1599 1165 1664 huuc
1184 1622 1308 1665 versum
1325 1603 1433 1667 Gracci

378 1700 641 1780 pentaschemum
672 1700 825 1776 dixerint,
852 1700 1002 1783 praeiatus
1035 1710 1142 1764 tamen
1171 1714 1270 1786 poeta
1298 1714 1433 1787 quatuor

378 1801 505 1882 species
531 1801 607 1865 inde
633 1803 818 1886 assumpsit,
844 1803 919 1887 quia
947 1813 1001 1866 aut
1029 1804 1134 1886 pn'mo
1161 1806 1235 1869 loco
1260 1803 1433 1889 spondeus

377 1903 547 1980 invenitur,
562 1913 616 1967 ut:

518 2010 654 2079 Carthago
666 2018 768 2084 premat
779 2012 933 2077 Ausoniam,
945 2010 1010 2065 nihil
1023 2013 1129 2066 urbibus
1141 2014 1212 2068 iuda.

378 2120 410 2171 et
424 2108 501 2173 alibi
516 2109 613 2187 binis,
628 2110 790 2174 versibus:
818 2120 855 2172 ut

521 2206 618 2260 Cernat
630 2208 751 2261 semineci
764 2208 867 2261 sibime
879 2224 970 2280 rapere
982 2226 1054 2262 arma
1066 2214 1171 2261 cruenta

519 2295 702 2363 victoremque
713 2293 799 2347 serant
809 2296 947 2348 morientia
957 2293 1057 2347 lumina
1069 2294 1160 2347 Turni.

378 2378 413 2431 nt
426 2414 432 2428 ¹
516 2449 647 2503 Dentibus
658 2449 806 2503 infrendens
817 2451 929 2516 gemitum
948 2449 1118 2517 graditurque
1129 2467 1175 2521 per
1187 2468 1281 2519 aequor.

378 2554 432 2605 aut
447 2542 591 2606 secundo
606 2552 640 2607 et
655 2543 758 2620 tertio,
773 2554 829 2606 ut:

516 2640 745 2712 Graiugenumque
757 2640 845 2694 domos
857 2646 1029 2712 suspectaque
1040 2637 1163 2707 liquimus
1174 2656 1243 2693 arva.

377 2742 432 2794 aut
447 2741 559 2814 quarto
575 2739 607 2794 et
622 2732 744 2814 quinto,
758 2741 811 2793 ut:

376 2903 382 2916 .
519 2829 597 2881 Hunc
608 2847 672 2901 cape
684 2829 796 2881 consiliis
808 2829 905 2881 socium
917 2833 946 2880 ct
956 2829 1083 2899 conjunge
1095 2825 1234 2881 volentem.

373 2913 453 2966 nem
519 2985 649 3038 Ascanius
661 2983 765 3066 galeam
777 2989 838 3038 aute
851 2985 931 3056 pedes
943 2984 1052 3056 projecit
1064 2985 1091 3036 in
1104 3001 1216 3037 amnem.

419 3085 462 3147 D.
486 3083 583 3145 Porro
607 3105 647 3146 es
673 3103 764 3145 versu
791 3081 903 3146 decem
929 3093 963 3145 et
985 3091 1106 3164 septem
1133 3082 1329 3165 syllabarum
1352 3093 1432 3168 quot

377 3185 502 3269 species
529 3183 709 3268 adsumpsit
721 3182 826 3246 ?-M.
862 3185 970 3247 Unius
996 3193 1121 3245 tanturn
1147 3183 1320 3246 schematis
1345 3196 1429 3248 sorte

376 3288 559 3370 gratulatur,
575 3287 643 3349 sine
658 3307 722 3370 quo
737 3286 871 3349 aliorum
888 3286 1087 3348 schematum
1103 3286 1273 3367 speciebus
1287 3284 1430 3349 funditus

377 3413 481 3458 carere
503 3390 726 3472 cognoscitur:
751 3410 824 3473 quae
845 3389 960 3451 Graece
985 3386 1232 3449 monoschemus
1247 3406 1358 3448 versus
1373 3407 1428 3448 vo·

376 3507 475 3570 catur,
491 3513 565 3556 cum
586 3501 700 3575 praeter
719 3490 866 3554 ultimum
887 3487 1004 3573 pedem
1021 3486 1127 3547 ceteri
1142 3505 1254 3548 omnes
1269 3483 1429 3569 dactylica

375 3597 549 3677 fungantur
562 3592 742 3670 scansione,
757 3603 810 3656 ut:

515 3691 573 3745 Noe
584 3689 672 3764 procul
683 3689 745 3743 inde
756 3689 847 3757 hrgam
858 3687 953 3758 trepidi
964 3684 1096 3738 celebrare
1107 3691 1220 3755 recepto.

375 3793 458 3854 Item
473 3788 593 3873 primus
608 3808 718 3851 versus
733 3784 916 3850 duodecimi
931 3783 1004 3846 libri
1018 3805 1024 3843 :

515 3887 643 3940 Panditur
654 3886 754 3938 interea
766 3883 855 3936 domus
868 3881 1054 3952 omnipotentis
1065 3879 1180 3950 Olympi.

374 3999 407 4050 et
420 3987 456 4049 iu
471 3983 681 4048 duodecimo:

512 4080 583 4134 Turn
594 4079 662 4152 lapis
673 4081 730 4150 ipse
741 4079 789 4131 viri
800 4093 910 4129 vacuum
922 4075 1057 4146 perinane
1068 4073 1180 4128 volume.

373 4191 404 4243 at
416 4180 452 4243 in
468 4177 656 4260 Georgicis:

515 4273 565 4328 llle
576 4272 648 4327 volat
658 4271 735 4326 simul
745 4289 807 4325 arva
817 4269 880 4337 fuga
891 4267 970 4321 simul
981 4282 1088 4337 aequora
1097 4269 1227 4338 vemens]

417 4376 459 4438 D.
483 4374 565 4447 Quis
584 4383 633 4436 est
653 4390 762 4434 versus
781 4365 931 4431 heroicus
950 4365 1158 4429 catalecticus
1170 4364 1274 4429 i-M.
1300 4367 1426 4430 Praebet

375 4471 526 4558 Virgilius
541 4473 738 4557 exemplum,
753 4471 885 4534 diceus:

514 4582 551 4634 Et
561 4581 655 4633 tamicae
667 4579 781 4631 manicas
793 4582 821 4631 et
832 4574 931 4628 habeut
942 4574 1095 4628 redimicula
1106 4579 1199 4634 mitra.

848 4681 907 4739 1³2
