3759 5425
630 754 787 802 aarsrosa
802 756 846 801 ao
861 757 1037 821 acrncrnn,
1052 758 1124 805 src.
1341 748 1404 820 ttt

713 908 766 973 De
779 910 925 992 Epitrito
939 912 1042 975 tertio.

395 1005 440 1070 D.
464 1009 629 1094 Exempla
657 1012 931 1096 nominumque
954 1013 1082 1098 epitrito
1104 1014 1196 1078 tertio
1218 1014 1407 1097 regulariter

346 1106 632 1191 adminiculentur,
646 1112 679 1175 in
695 1115 865 1197 propatulo
879 1116 1081 1198 promulgata
1096 1134 1206 1198 queso
1220 1115 1403 1181 nullatenus

347 1209 644 1277 delitescant-M.
665 1215 840 1293 Divinitas,
863 1215 1023 1292 vicinitas,
1052 1216 1230 1301 aequalitas,
1250 1216 1402 1299 finalitas,

345 1312 499 1390 felicitas,
527 1314 705 1393 maturitas,
733 1316 905 1393 aeternitas,
933 1316 1118 1400 impunitas.
1171 1318 1336 1383 Eusebius
1364 1321 1398 1383 iu

345 1412 538 1478 chronicis:
555 1415 608 1478 Ob
617 1417 697 1501 asyli
706 1416 927 1500 impunitatem
944 1438 1061 1499 magna
1077 1418 1399 1485 Romulomultitudo

345 1512 573 1599 conjungitur:
601 1515 783 1596 crudelitas,
804 1518 981 1597 audacitas,
995 1518 1189 1596 immanitas,
1205 1522 1399 1601 humanitas,

344 1615 541 1695 obscenitas,
578 1617 768 1697 obscuritas,
803 1618 977 1697 moralitas,
1012 1622 1198 1706 antiquitas,
1233 1622 1399 1705 velocitas,

341 1717 525 1795 infirmitas,
565 1716 759 1799 deformitas,
797 1720 1003 1800 soecnnditas,
1039 1723 1212 1803 urbanitas,
1249 1725 1397 1801 affinitas,

340 1819 521 1903 pluralitas,
529 1820 693 1899 vivacitas,
704 1822 894 1902 fraternitas,
904 1823 1104 1905 germanitas.
1149 1825 1234 1890 Sunt
1243 1834 1399 1910 praterea

339 1920 474 1986 nomina
487 1923 522 1986 in
537 1923 653 2005 plurali
668 1944 801 1989 nurnero
823 1924 919 2009 hujus
940 1926 1058 2008 epitriti
1075 1926 1184 1990 formis
1199 1927 1397 2007 famulantia,

340 2034 379 2085 ut
392 2024 553 2105 fuligines,
563 2023 755 2108 prurigines,
766 2025 954 2108 sartagines,
964 2027 1129 2109 caligines,
1140 2027 1323 2111 fermgines,
1332 2045 1394 2094 tes·

340 2126 483 2204 nadines,
508 2127 656 2209 uligines.
701 2130 820 2193 Verum
846 2129 916 2194 hac
944 2141 977 2195 et
1001 2132 1165 2214 superiora
1194 2133 1396 2216 singulariter

340 2238 564 2314 pentaptotam
580 2238 757 2313 sequuntur
770 2232 925 2312 regulam,
939 2243 972 2295 et
985 2230 1150 2316 pluraliter
1164 2233 1338 2317 triptotam.

385 2333 429 2394 D.
451 2331 535 2395 Haec
558 2333 710 2416 exempla
731 2344 855 2416 queunt
875 2333 909 2396 in
931 2336 1099 2398 verborum
1122 2332 1394 2401 declinationibus

339 2432 472 2515 reperiri
487 2453 590 2497 necne
603 2431 710 2497 i—M.
732 2432 896 2517 Equidem
918 2453 990 2498 reor
1011 2454 1030 2497 a
1049 2434 1142 2497 tertia
1163 2434 1392 2518 conjugatione

339 2531 543 2618 subjunctivo
564 2545 597 2598 et
618 2534 761 2619 optativo
789 2534 888 2598 modo
910 2533 1074 2617 epitritum
1096 2534 1221 2598 tertium
1246 2535 1393 2616 derivari,

339 2647 377 2700 ut
396 2648 613 2719 emungerent,
629 2643 830 2715 excuterent,
847 2633 1055 2713 retruderent,
1070 2642 1277 2716 rarescerent,
1298 2636 1391 2701 viles·

339 2751 459 2817 cerent,
479 2742 701 2819 lentescerent,
720 2739 969 2824 squalescerent,
988 2738 1204 2819 ignoscerent,
1224 2736 1390 2824 deprome·

338 2853 420 2920 rent,
436 2840 652 2926 depecterent,
666 2847 903 2906 connecterent

381 2942 426 3005 D.
442 2941 547 3014 Quare
561 2943 665 3025 prium
681 2952 714 3006 et
730 2939 875 3006 secunda
893 2940 1077 3026 conjugatio
1099 2961 1157 3024 per
1175 2941 1259 3006 hanc
1281 2961 1389 3026 perso·-

337 3063 451 3107 narnm
464 3043 500 3106 in
517 3043 723 3128 subjunctivo
737 3042 835 3108 ruodo
849 3043 977 3127 epitrito
998 3043 1090 3108 tertio
1105 3041 1238 3107 minime
1253 3064 1388 3128 congru·

337 3155 398 3209 unt
407 3142 515 3209 i-M.
553 3143 649 3219 Quod
686 3155 891 3229 utrarumque
924 3145 1022 3208 verba
1058 3143 1320 3230 conjugationum
1353 3145 1388 3209 in

338 3245 495 3330 predicto
504 3244 602 3309 modo
611 3253 754 3328 tempore
763 3245 1118 3329 preteritoimpersecto
1127 3246 1201 3309 loco
1209 3245 1388 3329 penultimo

336 3346 566 3432 producuntur,
590 3357 627 3411 ut
646 3357 854 3422 macerarent,
875 3347 1054 3410 lacerarent
1061 3368 1071 3422 ;
1105 3345 1190 3409 idem
1213 3347 1390 3428 maderent,

336 3449 489 3531 vigerent,
504 3449 695 3532 squalerent.
740 3450 826 3514 Nam
845 3460 997 3532 utrasque
1018 3446 1262 3532 conjugationes
1283 3449 1387 3532 impe·

336 3551 454 3614 rativns
467 3548 628 3634 producit,
643 3571 716 3634 quae
730 3570 783 3614 res
796 3550 993 3634 penultimas
1007 3547 1233 3632 praedictorum
1246 3549 1389 3633 syllabas·

334 3653 501 3717 verborum
516 3662 677 3736 correptas
691 3651 758 3714 fore
772 3669 976 3734 nequaquam
990 3647 1122 3732 patitur.

376 3755 419 3816 D.
457 3754 545 3818 Arsis
573 3764 606 3818 et
642 3755 741 3819 thesis
778 3752 897 3838 quibus
931 3751 1171 3817 discriminibus
1205 3753 1384 3818 alternatim

334 3867 510 3940 temporum
520 3855 680 3940 particula
688 3866 885 3939 sequestrant
893 3852 1196 3919 i-M.Modoarsis
1206 3865 1385 3939 temporum

333 3969 454 4041 tropeo
467 3957 642 4040 triumphat
657 3955 735 4020 dum
750 3956 852 4020 octies
867 3956 964 4021 semis
987 3956 1162 4038 gubernat;
1189 3955 1290 4021 thesis
1309 3979 1384 4021 vero

333 4079 420 4122 versa
433 4058 503 4122 vice
519 4057 627 4122 sexies
641 4057 738 4121 semis
754 4068 908 4142 usurpat3
943 4069 975 4122 et
998 4078 1071 4142 quae
1094 4057 1184 4141 prius
1205 4058 1239 4120 in
1263 4078 1382 4141 prace-

333 4159 482 4223 dentibus
496 4159 632 4243 epitritis
651 4158 731 4222 arsis
751 4157 956 4243 subjugando
981 4157 1093 4222 victrix
1119 4157 1280 4235 exntemt,
1296 4180 1383 4223 nunc

333 4259 459 4324 demum
479 4260 522 4322 'in
547 4258 800 4324 succedentibus
821 4259 907 4322 idem
929 4259 1082 4323 serviliter
1109 4258 1327 4343 mancipando
1351 4272 1385 4324 et

333 4359 486 4425 enerviter
500 4358 647 4424 cedendo
662 4359 854 4424 succumbit.

372 4463 415 4526 D.
437 4462 554 4545 Operae
569 4463 707 4546 pretium
722 4471 771 4524 est
786 4473 822 4524 ut
835 4459 1138 4525 manifestandarum
1154 4483 1258 4526 rerum
1281 4464 1382 4546 gratia

333 4568 466 4652 replices
494 4565 581 4629 uude
611 4565 674 4628 boc
703 4575 850 4629 constare
879 4561 1129 4628 medates-M.
1160 4565 1288 4649 Nempe
1317 4565 1379 4628 hoc
