3759 5425
671 709 1146 760 camunmusvrrorurrarrs.
1393 703 1436 762 37

382 873 525 929 mmnere
555 862 706 942 decrevit,
735 865 793 928 scd
831 886 905 929 cum
934 868 978 929 ob
1008 878 1152 948 cognatae
1185 870 1435 954 propinquitatis

380 987 491 1030 curam
511 977 650 1051 accepto
666 969 918 1032 conversationis
938 969 1060 1032 fervore
1082 971 1240 1053 paulatim
1259 984 1437 1056 tepesceret

378 1079 412 1132 et
425 1070 548 1133 torrido
577 1072 765 1135 caenohialis
778 1072 852 1135 vitas
866 1073 969 1153 rigore
983 1072 1142 1136 instructu
1157 1075 1319 1158 strophosi
1333 1075 1435 1142 hostis

377 1170 578 1236 discessurus
600 1174 717 1236 sensim
739 1175 971 1256 refrigesceret,
991 1195 1011 1236 a
1034 1175 1203 1240 Saracenis
1224 1177 1433 1259 predonibus

376 1285 411 1337 et
426 1275 600 1338 Ismaelitis
615 1275 845 1357 grassatoribus
860 1276 954 1338 obvia
969 1297 1105 1360 quaeque
1120 1277 1269 1340 atrociter
1282 1281 1433 1342 vastanti·

375 1378 439 1439 bus
461 1388 586 1461 captus,
601 1387 637 1442 ut
658 1378 779 1441 servilis
800 1399 896 1441 verna
916 1379 1062 1442 famulari
1080 1379 1223 1463 jubetur,
1232 1377 1324 1462 justo
1341 1381 1434 1445 valde

371 1475 512 1560 judicio,
525 1489 562 1542 ut
576 1479 631 1562 qui
647 1478 850 1542 interdictum
866 1481 1033 1563 repetebat
1046 1482 1290 1564 postliminium,
1302 1485 1434 1548 serviret

376 1589 414 1644 ut
428 1581 493 1644 vile
507 1583 723 1667 mancipium;
747 1595 905 1666 quatenus
927 1585 983 1667 qui
1005 1585 1249 1650 sodomitanum
1269 1589 1433 1670 pereuntis

377 1681 518 1745 foeminre
539 1681 745 1766 dispendium
764 1684 897 1746 minime
912 1685 1161 1767 pertimesceret,
1175 1687 1312 1771 prolixae
1336 1690 1431 1752 servi·

377 1784 456 1846 tutis
485 1783 709 1848 detrimentum
739 1795 771 1848 et
798 1787 936 1849 invisum
967 1785 1037 1850 heri
1065 1789 1253 1854 famulatum
1283 1793 1432 1855 atrociter

375 1884 531 1960 sentiret3
568 1896 601 1948 et
629 1885 706 1949 dum
736 1887 830 1950 aratri
861 1887 973 1950 stivam
999 1900 1073 1970 post
1101 1901 1225 1971 tergum
1252 1893 1431 1976 respiciens

375 1987 576 2068 negligenter
589 1999 722 2068 regeret,
736 1988 839 2071 ruptis
854 1989 1016 2052 sulcorum
1032 1990 1169 2070 glebulis
1183 1991 1335 2075 jugerum
1350 2013 1431 2057 occa

375 2087 544 2168 nugaciter
566 2086 735 2169 deperiret,
758 2109 896 2172 cumque
921 2089 1044 2152 ibidem
1066 2102 1184 2172 optatae
1205 2093 1359 2156 castitatis
1381 2094 1430 2156 in·

373 2185 525 2265 signibus
550 2208 623 2270 quae
648 2189 682 2250 in
713 2190 846 2270 genitali
872 2191 943 2252 solo
973 2202 1161 2269 servaverat,
1185 2213 1292 2257 carere
1322 2195 1431 2258 stricta

373 2287 525 2350 machera
550 2299 800 2373 extorqueretur,
825 2291 940 2355 maluit
963 2311 1115 2354 mucrone
1142 2295 1334 2357 transfossus
1358 2318 1429 2359 cru-

373 2388 490 2454 deliter
503 2394 708 2466 occumbere,
729 2415 825 2476 quam
841 2393 1006 2476 pudicitiae
1022 2395 1097 2480 jura
1111 2397 1311 2479 profanando
1331 2400 1429 2462 vitam

373 2491 557 2570 defendere,
577 2516 781 2580 nequaquam
803 2496 917 2559 animae
940 2497 1117 2581 periculum
1139 2499 1381 2580 pertimescens,
1402 2502 1430 2564 si

372 2597 505 2680 integrae
520 2599 718 2680 Virginitatis
732 2609 833 2663 status
848 2601 1006 2664 effusione
1021 2600 1188 2680 sanguinis
1203 2615 1385 2664 servaretur.

413 2699 562 2763 XXXII.
584 2700 743 2764 Praeterea
764 2702 868 2765 beatae
888 2702 1050 2766 memoriae
1071 2700 1258 2764 Narcissum
1282 2709 1347 2765 tam
1367 2703 1427 2766 vir·

371 2800 488 2881 ginalis
514 2800 680 2883 pudicitia
709 2800 888 2884 privilegiol
902 2799 1086 2884 praeditum,
1109 2818 1204 2881 quam
1229 2799 1429 2882 pontificalis

371 2901 483 2964 infulae
512 2900 701 2964 auctoritate
732 2898 928 2978 decoratum,
951 2900 1011 2963 sub
1036 2896 1156 2961 silentii
1183 2898 1321 2963 latibulo
1347 2900 1426 2964 deli-

370 3013 492 3067 tescere
506 3023 573 3065 non
596 3003 704 3079 feram,
719 3001 813 3086 cujus
828 3002 894 3065 vita
916 3002 998 3065 adeo
1019 2999 1121 3081 signis
1145 3010 1178 3062 et
1199 3000 1425 3068 miraculorum

370 3102 526 3185 prodigiis
549 3102 794 3166 contacentibus
815 3102 940 3177 claruit,
960 3110 997 3163 ut
1019 3110 1132 3164 contra
1150 3120 1253 3163 rerum
1278 3116 1425 3167 naturam

369 3203 523 3289 liquentis
531 3204 683 3267 elementi
692 3204 878 3287 qualitatem
891 3204 953 3266 soli
962 3202 1035 3265 Deo
1047 3202 1235 3265 mutabilem
1245 3204 1425 3267 orationum

368 3317 529 3370 armatura
550 3307 650 3370 fretus
670 3307 703 3368 in
731 3304 817 3369 aliud
841 3327 943 3387 genus
972 3314 1180 3377 converteret,
1205 3303 1366 3386 siquidem
1391 3306 1425 3368 in

369 3412 487 3493 vigiliis
506 3412 715 3496 paschalibus
737 3410 866 3494 quando
882 3410 1056 3493 reciprocis
1077 3430 1234 3473 annorum
1256 3412 1426 3476 curriculis

368 3512 535 3577 Anastasis
558 3512 732 3575 Dominica
757 3512 859 3575 solitae
887 3512 1087 3575 solennitatis
1110 3510 1253 3595 tripudio
1284 3513 1424 3576 celebra·

367 3614 471 3693 batur,
485 3614 616 3677 fortuito
633 3614 777 3695 contigit,
792 3626 828 3677 ut
844 3614 975 3696 lychnis
989 3624 1022 3677 et
1042 3612 1247 3695 lampadibus
1262 3613 1423 3677 Ecclesiae

365 3716 497 3801 pingmis
527 3716 591 3780 olei
620 3714 727 3797 liquor
755 3724 934 3799 oportunus
964 3714 1125 3778 defuisset.
1171 3714 1256 3775 Tum
1280 3714 1326 3774 vir
1349 3715 1422 3779 Deo

365 3816 495 3881 deditus
524 3815 665 3899 liquidas
702 3816 837 3879 fontium
866 3813 1006 3899 limphas
1036 3814 1229 3877 exorcizans
1259 3825 1292 3878 et
1321 3836 1420 3880 sacrae

366 3915 610 3981 Benedictionis
624 3917 768 3980 ubertate
789 3915 995 3992 foecundans,
1010 3914 1171 3997 stupendo
1186 3915 1311 3980 virtutis
1326 3940 1421 4002 spec·

362 4022 470 4084 taculo
486 4017 697 4102 pinguescere
712 4016 798 4095 fecit,
812 4018 858 4080 ita
879 4014 1040 4079 duntaxat
1054 4026 1091 4077 ut
1109 4016 1196 4079 latex
1218 4017 1418 4082 lucernarum

363 4122 574 4185 cicindilibus
595 4121 731 4199 insuaue,
750 4120 784 4183 in
808 4120 870 4183 olei
893 4117 1141 4183 crassitudinem
1160 4120 1333 4202 perniciter
1352 4144 1421 4186 rer-

361 4234 490 4301 teretur,
504 4232 538 4285 et
552 4222 684 4305 papirus
697 4224 730 4285 in
754 4232 863 4285 centro
878 4223 1004 4305 positus
1018 4222 1106 4283 velut
1127 4222 1229 4285 fomes
1244 4225 1354 4290 arvina
1370 4230 1420 4291 vel

361 4349 436 4391 sevo
452 4324 653 4391 madefactus
664 4328 757 4390 solito
773 4327 890 4390 clarius
904 4328 1091 4389 lucesceret.
1135 4328 1255 4390 Verum
1268 4332 1420 4416 antiquus

362 4430 494 4494 humaui
519 4429 647 4511 generis
670 4440 837 4510 grassator,
856 4450 917 4513 pro
937 4437 1028 4491 tanta
1046 4428 1182 4492 rumoris
1199 4434 1418 4514 praerogatisa,

359 4554 423 4616 qua
435 4532 671 4599 catholicorum
691 4530 805 4594 laudes
826 4530 1042 4602 crebrescunt,
1059 4529 1192 4612 obliquo
1214 4532 1323 4595 livoris
1346 4536 1417 4596 zelo
