3759 5425
481 692 545 750 866
724 702 801 748 vrrs
815 702 991 749 annuatur
1008 704 1140 751 raarero
1156 704 1319 749 inornati.

483 876 559 918 num
575 855 795 939 interpellans,
807 876 904 939 quam
919 867 1010 941 pater
1020 857 1119 941 jussit
1134 858 1286 919 continuo
1303 857 1429 918 trabem
1444 856 1551 917 levat.

481 956 566 1020 Tum
588 956 699 1020 divina
721 967 916 1040 cooperante
940 957 1170 1037 misericordia,
1193 979 1253 1041 pro
1277 958 1432 1021 famulatu
1458 956 1551 1019 servi

482 1058 543 1135 sui,
568 1069 759 1142 supportant
784 1077 853 1121 eam
875 1058 944 1142 jam
972 1061 1148 1142 longiorem
1173 1060 1308 1136 caeteris,
1334 1058 1374 1121 ad
1400 1078 1549 1141 quarum

483 1180 663 1224 mensuram
678 1159 767 1242 prius
781 1160 884 1222 fuerat
904 1161 1017 1224 incisa.
1065 1162 1104 1223 ln
1128 1182 1193 1245 qno
1208 1181 1304 1245 opere
1323 1160 1468 1221 imitatus
1495 1172 1551 1223 est

484 1264 621 1326 Beatum
636 1262 800 1325 Donatum
823 1262 969 1325 Reatinae
988 1264 1076 1327 urbis
1098 1263 1312 1346 Episcopum,
1329 1260 1384 1343 qui
1399 1259 1550 1324 calicem

483 1364 628 1440 vitreum,
643 1362 847 1444 Paganorum
865 1361 989 1447 impetu
1012 1363 1209 1427 confractum
1233 1362 1301 1425 sola
1325 1360 1467 1424 oratioue
1494 1382 1548 1425 re·

484 1463 649 1528 staurarit:
674 1462 803 1527 Patrem
826 1482 954 1547 quoque
968 1472 1112 1528 nostrum
1134 1464 1221 1527 mirre
1242 1460 1418 1525 sanctitatis
1432 1461 1546 1525 virum

482 1567 642 1630 Abbatem
673 1566 899 1645 Benedictum‚
927 1567 986 1651 qui
1011 1568 1110 1648 longe
1143 1566 1268 1649 positus
1289 1584 1411 1645 magna
1441 1565 1548 1627 molis

482 1688 598 1731 saxum
613 1667 669 1749 pia
683 1687 779 1750 prece
792 1669 912 1732 amovit
923 1690 943 1731 a
956 1669 1045 1745 loco;
1069 1668 1124 1731 ubi
1140 1668 1272 1751 quidam
1289 1668 1411 1729 Fratres
1426 1684 1545 1727 coeno-

482 1771 573 1834 bium
608 1769 740 1831 firndare
770 1773 969 1849 satagebant.
1031 1772 1094 1833 Illo
1131 1768 1271 1850 denique
1306 1764 1400 1830 modo
1431 1787 1543 1829 rerum

483 1869 625 1941 Creator,
648 1869 706 1933 sed
737 1882 815 1954 typo
839 1870 971 1954 dispari,
993 1871 1078 1934 hanc
1101 1870 1273 1952 elongavit,
1296 1890 1361 1953 quo
1384 1868 1544 1933 Praesulis

483 1969 669 2032 Israelitictn
683 1970 790 2051 plebis
813 1973 934 2053 virgam
956 1974 1055 2035 virere
1080 1972 1156 2035 iecit
1176 1982 1209 2035 et
1223 1970 1427 2035 foecundasit
1474 1972 1542 2034 llla

482 2090 556 2133 vero
570 2078 698 2153 partum
713 2070 842 2135 intactae
858 2073 989 2155 virginis
1003 2073 1232 2156 praefiguravit:
1258 2074 1326 2135 baec
1342 2084 1427 2135 certe
1443 2093 1543 2135 sanc·

483 2172 604 2237 titatam
625 2171 708 2235 tanti
726 2172 785 2235 viri
801 2174 835 2235 in
858 2174 1048 2237 immensum
1071 2196 1212 2238 crescere
1233 2173 1372 2237 adstanti
1392 2174 1543 2237 ecclesiae

484 2275 686 2359 praenotavit:
710 2275 767 2339 illa
781 2277 900 2340 fructus
916 2276 1033 2340 detulit
1047 2289 1079 2340 et
1092 2276 1178 2355 lolia,
1187 2276 1258 2340 haec
1273 2276 1373 2359 patris
1385 2276 1542 2354 Aldelmi,

484 2398 557 2460 quoe
572 2378 678 2440 sutura
692 2387 800 2440 essent
814 2399 913 2462 opera
926 2377 1164 2441 demonstravit.
1208 2376 1263 2442 De
1284 2378 1364 2441 istac
1379 2390 1486 2442 antem
1504 2400 1541 2443 re
1659 2415 1660 2440 t

483 2500 571 2544 nnnc
586 2478 647 2542 ista
660 2480 832 2556 sufficiant,
846 2479 924 2563 quia
937 2480 1071 2543 transire
1087 2480 1214 2543 animus
1230 2480 1320 2563 eupit
1334 2478 1375 2542 ad
1391 2478 1540 2564 ejusdem

487 2580 559 2643 alia.

526 2680 605 2744 Post
617 2680 687 2745 lraec
705 2700 778 2744 vero
792 2679 930 2745 decurso
945 2701 1010 2744 non
1028 2682 1119 2744 multi
1141 2682 1292 2767 temporis
1307 2683 1424 2766 spatio,
1440 2683 1542 2747 Pater

484 2779 718 2860 Berthwaldus,
741 2783 984 2847 cantuariorum
1009 2784 1171 2862 Pontifex,
1188 2785 1235 2847 vir
1258 2785 1451 2848 reverendus
1473 2785 1543 2849 rita

483 2895 516 2948 et
543 2885 696 2963 moribus,
722 2883 884 2948 literarum
906 2896 939 2947 et
964 2885 1257 2948 ecclesiasticorum
1284 2885 1420 2948 scientia
1443 2885 1541 2950 valde

484 2984 638 3060 erudbus,
652 3005 711 3066 pro
726 2986 904 3049 sanctitatis
917 2999 950 3049 ot
962 2987 1112 3050 virtutum
1125 2986 1220 3072 hujus
1236 2987 1293 3050 riri
1304 2986 1541 3069 magnitudine,

484 3084 711 3169 literarumque
731 3085 911 3150 liberalium
938 3097 970 3150 et
994 3087 1172 3150 divinarum
1196 3086 1310 3150 studiis
1334 3101 1367 3150 et
1390 3089 1541 3166 scientia,

483 3186 570 3249 hunc
579 3204 691 3249 secum
702 3187 729 3250 si
740 3187 843 3269 quiret
855 3189 974 3271 saepius
985 3188 1104 3252 babere
1116 3189 1282 3272 cupiebat;
1300 3211 1397 3273 quem
1408 3189 1541 3254 directis
1659 3175 1660 3248 l

483 3288 598 3370 legatis
627 3287 670 3351 ad
699 3310 734 3352 se
763 3310 861 3353 causa
889 3288 1084 3353 consiliandi
1106 3288 1147 3353 de
1170 3291 1266 3353 rebus
1295 3290 1540 3356 Ecclesiasticis
1659 3297 1660 3306 ’

484 3390 593 3455 venire
630 3391 762 3472 rogavit
807 3389 871 3453 Cui
908 3389 1059 3468 Sanctus,
1091 3401 1128 3454 ut
1164 3401 1233 3455 erat
1267 3391 1365 3468 mitis,
1401 3391 1540 3454 libenter

484 3492 651 3568 obediens,
674 3492 766 3554 venit
794 3489 835 3555 ad
861 3511 947 3568 eum,
973 3501 1177 3576 moratusque
1203 3505 1253 3555 ast
1281 3490 1437 3574 quamdiu
1467 3493 1538 3576 ipse

485 3595 593 3658 voluit.
647 3592 798 3677 Expletis
826 3613 904 3674 ergo
927 3592 987 3656 rite
1011 3613 1070 3676 pro
1096 3593 1214 3677 quibus
1240 3592 1280 3657 ad
1307 3615 1382 3657 eum
1408 3603 1540 3657 venerat

484 3695 633 3774 negotiis,
649 3691 691 3757 ad
706 3704 844 3758 castrum
861 3694 1021 3777 disposuit
1041 3693 1087 3758 ire
1109 3694 1332 3758 Dorobemite:
1357 3692 1446 3776 quod
1461 3694 1537 3758 ideo

485 3797 577 3858 Deus
591 3797 677 3873 fecit,
690 3807 726 3859 ut
749 3795 935 3880 longinquis
951 3815 1081 3879 quoque
1105 3805 1255 3858 tertarum
1279 3795 1424 3876 partibus
1438 3795 1538 3878 hujus

484 3898 588 3961 sancti
603 3899 751 3962 virtutum
767 3899 881 3961 merita
894 3896 1087 3961 ostenderet.
1133 3896 1217 3962 Cum
1233 3917 1327 3960 secus
1341 3907 1471 3980 portum
1488 3918 1536 3960 aa·

484 4000 565 4064 dens
579 4020 664 4082 equo
678 4006 836 4083 pergeret,
852 3996 1012 4082 quandam
1034 4019 1148 4062 narem
1165 3997 1207 4061 ad
1228 3999 1330 4082 ripam
1344 3999 1440 4062 maris
1454 4019 1536 4062 mer·

485 4114 610 4167 catores
639 4102 791 4165 volebant
819 4101 997 4184 appellere:
1031 4100 1088 4163 sed
1118 4119 1320 4184 nequaquam
1349 4109 1537 4183 potuerunt,

486 4206 589 4271 donec
610 4207 671 4269 iste
694 4203 743 4266 vir
763 4202 960 4268 admirabilis
982 4201 1180 4288 praeciperet,
1203 4203 1262 4266 etsi
1288 4203 1384 4265 ternis
1408 4202 1536 4268 vicibus

485 4309 548 4371 boc
578 4307 766 4369 molirentur
790 4327 908 4388 magno
937 4306 1050 4368 virium
1083 4303 1259 4368 conamine.
1305 4303 1397 4370 Prius
1426 4319 1535 4369 tamen

484 4407 558 4466 illos
581 4405 725 4467 modeste
751 4407 966 4488 interrogarit,
993 4407 1020 4468 si
1047 4406 1125 4490 quid
1153 4407 1320 4483 deferrent,
1344 4407 1433 4488 quod
1456 4407 1537 4470 forst

485 4500 563 4558 utile
579 4499 769 4579 quotidiano
780 4504 852 4564 uani
868 4504 1029 4566 ecelesiae:
1053 4524 1148 4586 quem
1162 4506 1208 4567 illi
1221 4524 1308 4568 more
1324 4509 1534 4589 superborum
