3759 5425
470 695 530 755 ยน28
706 715 819 761 nonus
837 717 880 762 nn
895 717 971 763 rurs
986 716 1104 762 suurn
1121 713 1249 773 usura,
1265 711 1336 762 are.

943 1029 1036 1091 XIV.

551 1185 625 1248 Hoc
642 1207 733 1252 sacer
746 1189 891 1252 observat
906 1186 1075 1251 delubrum
1089 1187 1245 1251 Matthias
1259 1186 1389 1261 almum,

551 1286 646 1352 Unus
661 1289 715 1372 qui
729 1289 826 1352 fertur
840 1289 880 1352 de
896 1289 1099 1371 septuaginta
1114 1289 1212 1351 fuisse

550 1388 730 1473 Discipulis
746 1391 890 1468 Domini,
906 1391 961 1476 qui
976 1410 1101 1454 sacrum
1117 1389 1237 1470 dogma
1252 1387 1423 1465 docebant

548 1491 652 1562 Quem
668 1493 757 1556 Deus
773 1494 913 1558 electum
928 1493 1067 1577 signarit
1080 1504 1164 1556 sorte
1179 1512 1326 1576 superna,

548 1591 635 1654 Dum
650 1595 671 1657 J
673 1593 754 1658 udas
769 1594 916 1658 Scarioth
932 1595 1063 1678 stropha
1078 1594 1235 1677 deceptus
1249 1593 1359 1677 iniqua

547 1691 684 1757 Cuimen
699 1695 877 1779 Apostolici
892 1698 1014 1760 celsum
1029 1694 1185 1779 perdebat
1197 1694 1338 1772 honoris,

547 1794 653 1878 Atque
668 1795 765 1859 fibras
780 1795 884 1860 olidas
898 1805 980 1860 tetro
995 1817 1069 1859 cum
1085 1796 1206 1858 viscere
1220 1793 1346 1858 fundit:

546 1894 629 1959 Cum
645 1897 768 1980 crepuit
782 1895 908 1960 medius
922 1897 1040 1980 laqueo
1054 1915 1227 1978 suspensus
1242 1895 1283 1958 ab
1298 1897 1373 1972 alto,

547 1995 610 2067 Qui
625 1998 801 2061 Dominum
816 1997 897 2060 lueis
912 1996 1120 2061 redimentem
1135 1996 1291 2077 sunguine
1305 1997 1403 2060 saeeia

546 2097 702 2164 Vendidit
715 2109 751 2162 ut
764 2098 902 2182 cupidus
916 2098 1037 2161 tirlvum
1047 2097 1207 2160 numisma
1222 2106 1378 2180 capessat

544 2199 700 2264 Matthias
714 2199 835 2264 idcirco
849 2211 956 2282 spreto
969 2200 1092 2261 lauune
1107 2197 1246 2262 nefando

547 2302 586 2364 ln
602 2302 743 2365 Domino
758 2301 855 2365 fretus
870 2322 1039 2364 numerum
1053 2300 1215 2385 supplerit
1228 2301 1377 2380 eundem,

543 2403 566 2466 J
568 2413 682 2467 unctus
697 2404 891 2487 Apostolicis
907 2413 1045 2485 gratatur
1053 2403 1126 2486 jure
1143 2401 1321 2486 triumphis.

543 2605 565 2669 J
566 2626 617 2669 am
631 2605 683 2669 bis
699 2627 776 2670 seua
790 2608 886 2671 simul
900 2605 1020 2690 digessi
1034 2607 1165 2671 nomina
1178 2607 1309 2671 Patrum

545 2705 573 2769 E
590 2706 708 2792 quibus
723 2708 902 2772 Altithrono
918 2729 1090 2773 conversus
1104 2705 1241 2771 credidit
1254 2708 1350 2774 orbis.

543 2890 616 2955 Hos
631 2894 783 2976 precibus
797 2916 895 2959 verna
909 2896 1029 2960 crebris
1043 2905 1075 2959 et
1088 2907 1219 2979 pectore
1234 2897 1331 2977 fulvo,

544 2994 591 3059 Ut
605 2995 685 3057 mihi
700 2996 871 3059 clementer
886 3018 1044 3060 noxarum
1059 2995 1203 3081 pondera
1216 3000 1337 3077 laxent,

542 3097 589 3161 Et
602 3096 726 3161 veniam
743 3097 856 3161 dantes
870 3100 1042 3162 commissa
1055 3099 1182 3183 piacula
1196 3102 1338 3165 solvant:

543 3199 712 3270 Quatenus
726 3197 760 3262 in
772 3200 914 3283 requiem
931 3199 1041 3264 divina
1055 3201 1156 3283 grstia
1169 3202 1276 3280 fretus,

543 3297 683 3363 Ultimus
698 3298 859 3380 ingrediar
873 3299 1004 3365 Christo
1018 3314 1171 3383 regnante
1186 3324 1244 3386 per
1258 3303 1398 3369 ethram.
