3759 5425
655 760 809 806 arrsrora
823 761 868 805 au
883 759 1058 820 acracruu,
1075 761 1147 805 nro.
1366 747 1426 804 221

380 910 535 995 rudisque
561 913 706 975 infantiae
732 916 887 976 nutritore
911 913 1036 976 caeteris
1058 910 1284 976 ruminandum
1307 923 1340 974 et
1358 933 1430 974 ruc-

376 1011 510 1075 tandum
533 1013 670 1096 gratuita
691 1025 905 1097 praecurrente
928 1015 1029 1094 gratia
1051 1014 1216 1095 accepisse
1240 1025 1431 1076 meruerunt.

379 1114 466 1176 Nam
480 1115 876 1179 summusEcclesiasticae
893 1113 1144 1199 dispensationis
1160 1127 1270 1177 auctor
1281 1114 1430 1197 etprimi-

376 1216 449 1278 tivae
465 1217 659 1300 illustrisque
681 1217 811 1280 familiae
825 1218 1013 1281 informator
1028 1238 1123 1300 quem
1138 1217 1281 1301 psalmus
1296 1225 1332 1277 ut
1350 1237 1430 1299 prae·

376 1320 459 1383 senti
481 1322 637 1403 competit
659 1321 937 1403 explanandarum
957 1341 1060 1383 rerum
1085 1317 1280 1381 adminiculo
1304 1328 1431 1400 septua-

375 1422 517 1502 gesimus
532 1422 687 1504 septimus
704 1442 821 1503 panem
837 1421 912 1484 coeli
927 1432 961 1483 et
974 1441 1091 1504 panem
1109 1419 1292 1500 augelorum
1313 1417 1429 1500 figura·

373 1524 447 1585 liter
465 1524 609 1585 vocitans
630 1524 791 1605 expressit
808 1534 933 1606 septem
948 1542 1067 1606 panum
1089 1519 1298 1602 fragminibus
1321 1517 1431 1581 divina

374 1625 483 1707 potius
492 1624 717 1688 benedictione
727 1626 945 1689 crescentibus
953 1645 1047 1706 quam
1058 1625 1218 1686 lurcorum
1229 1621 1312 1684 rictu
1325 1640 1432 1683 come-

376 1724 520 1789 dentium
557 1727 776 1789 minuentibns
813 1737 950 1809 quatuor
987 1725 1089 1789 millia
1118 1724 1255 1787 virorum
1292 1732 1432 1806 excepta

376 1827 512 1890 secundi
527 1848 624 1890 sexus
639 1836 778 1907 caterva,
792 1828 1031 1908 evangeliorum
1048 1835 1140 1888 textu
1156 1832 1302 1887 narrante
1316 1822 1432 1904 legitur

375 1927 501 2010 pavisse
528 1938 560 1990 et
582 1927 703 1990 affatim
727 1929 869 2004 satiasse,
892 1927 1090 2010 sublatisque
1111 1925 1357 2007 fragmentorum
1383 1945 1434 1986 re-

375 2027 486 2112 liquiis
500 2038 533 2091 et
547 2030 693 2093 collectis
715 2029 911 2092 bucellatum
926 2029 1075 2092 crustulis
1089 2029 1123 2090 in
1142 2026 1240 2091 frusta
1259 2026 1431 2091 confractis

376 2146 502 2212 septem
531 2131 644 2192 corbes
663 2132 718 2192 rel
747 2130 872 2192 cistella
902 2127 1064 2212 stupendo
1088 2127 1214 2191 cunctis
1241 2128 1430 2209 spectaculo

376 2230 556 2311 replevisse.
601 2230 739 2293 Necnon
765 2243 797 2294 et
810 2230 926 2311 legalis
947 2230 1001 2292 illa
1023 2230 1208 2312 famosaque
1225 2229 1431 2312 jubilaeorum

376 2331 531 2394 festivitas
556 2333 699 2415 septenis
721 2353 879 2396 annorum
903 2330 1161 2394 hebdomadibus
1183 2329 1326 2394 decursis
1348 2332 1431 2394 cele·

377 2433 479 2508 brata,
494 2431 625 2516 quando
636 2432 865 2496 Sabbatizante
880 2453 1026 2512 agrorum
1041 2433 1174 2510 cultura,
1185 2441 1218 2494 et
1231 2432 1432 2495 cessantibus

375 2532 575 2596 stibariorum
591 2543 824 2617 rastrorumque
839 2532 1069 2615 pulverulentis
1085 2532 1352 2615 quassationibus,
1359 2531 1429 2616 jam

371 2634 506 2719 jamque
530 2636 677 2697 volvente
699 2635 820 2697 mensis
839 2633 968 2717 septimi
992 2633 1123 2712 circulo,
1147 2632 1322 2695 horrisonae
1348 2653 1425 2696 ven·

375 2736 454 2798 toris
485 2736 616 2799 flatibus
641 2738 874 2817 clangebantur
901 2735 1061 2813 buccina,
1082 2735 1185 2797 sutura
1207 2735 1426 2817 mysteriorum

376 2857 492 2900 arcana
521 2838 787 2919 perallegoriam
817 2836 992 2919 figuraliter
1013 2835 1214 2919 portendisse
1240 2835 1428 2899 declaratur.

377 2938 478 3001 Porro
496 2950 700 3002 sacrosancta
720 2938 922 3002 Pentecostis
943 2937 1120 3001 solennitas
1139 2937 1282 3001 revoluta
1300 2946 1332 3001 et
1351 2938 1431 3000 reci·

376 3060 477 3124 proca
491 3051 612 3125 septem
627 3040 907 3104 hebdomadarum
921 3040 1142 3104 vicissitudine
1158 3062 1266 3103 nonne
1281 3039 1431 3124 hujusce-

376 3142 465 3226 modi
475 3142 715 3226 supputationis
725 3143 914 3206 laterculum
924 3143 1002 3206 satis
1014 3151 1232 3227 competenter
1241 3142 1430 3225 adstipulari

377 3243 576 3326 dignoscitur
601 3243 731 3327 quando
758 3245 943 3308 Paracletus
965 3265 1008 3307 ex
1038 3266 1162 3308 summa
1181 3247 1336 3309 coelomm
1357 3264 1429 3308 arce

376 3357 450 3428 post
471 3345 584 3409 decem
607 3346 732 3409 dierum
755 3345 904 3410 inducias
927 3344 1104 3409 destinatus
1122 3346 1196 3429 jure
1219 3346 1336 3430 pignus
1357 3366 1431 3428 pro-

377 3447 483 3510 missae
506 3447 699 3511 baereditatis
722 3458 852 3511 vocatus
866 3446 1094 3529 Apostolorum
1117 3444 1293 3529 praecordia
1313 3447 1430 3530 Super-

378 3568 494 3611 norum
516 3548 743 3611 charismatum
766 3548 867 3631 gratia
889 3544 1079 3610 foecundans
1101 3546 1281 3610 defusarum
1304 3557 1430 3630 septua-

379 3649 468 3729 ginta
495 3650 677 3731 linguarum
714 3651 842 3734 loquela
871 3647 1011 3724 dictavit,
1041 3667 1121 3731 quas
1154 3646 1263 3710 decies
1299 3659 1432 3731 septena

376 3751 522 3814 bellicosi
545 3752 722 3815 Hieroboal
744 3751 778 3814 id
801 3762 851 3814 est
870 3749 1036 3813 Gedeonis
1054 3748 1227 3831 progenies
1248 3770 1268 3811 a
1288 3748 1428 3812 nefando

377 3853 566 3916 Abimelech
603 3851 772 3935 tyrannide
814 3852 923 3936 potius
961 3871 1055 3934 quam
1091 3849 1235 3930 legitima
1275 3850 1430 3932 regnandi

377 3954 563 4018 monarchia
583 3955 736 4031 subnixo,
751 3966 783 4018 et
804 3952 1052 4033 consanguinee
1075 3952 1292 4032 germanitatis
1308 3952 1383 4036 jura
1397 3962 1430 4015 et

375 4056 499 4119 devotae
534 4056 739 4119 fraternitatis
763 4056 891 4118 vincula
919 4052 1117 4136 lymphatico
1151 4052 1214 4115 ritu
1251 4064 1430 4136 rumpente,

376 4157 410 4219 in
440 4158 558 4220 vertice
585 4158 791 4240 scopulorum
821 4155 966 4218 horribili
1000 4166 1031 4217 et
1053 4153 1197 4217 inaudita
1220 4154 1431 4219 anterioribus

375 4258 502 4326 securis
513 4271 618 4340 strage
629 4256 799 4321 crudeliter
809 4256 976 4320 interfecta
986 4254 1206 4337 praefigurasse
1219 4256 1430 4321 monstratur?

379 4358 440 4423 Cui
470 4371 601 4444 propter
630 4358 701 4421 dira
728 4358 968 4443 parricidiorum
999 4358 1128 4440 piacula
1157 4369 1190 4420 et
1213 4357 1429 4423 abominanda

377 4460 552 4535 facinorum
563 4461 905 4543 flagitia,nequaquam
914 4458 1029 4521 frustra
1040 4457 1217 4521 senticosus
1228 4458 1431 4524 rhamnorum

379 4562 524 4627 surculus
561 4564 622 4625 snb
660 4572 739 4644 typo
776 4558 975 4645 spurcissimi
1012 4569 1044 4622 et
1080 4560 1206 4623 scelesti
1243 4561 1430 4625 Antichristi
