3759 5425
661 680 817 727 sarsinas
834 680 876 727 an
892 678 1069 737 scraoruu,
1087 680 1159 726 arc.
1369 663 1433 725 229

383 840 521 917 sumpta,
535 832 724 897 ludibundis
745 833 891 919 apicibus
913 834 1032 915 legitur
1053 832 1221 909 cecinisse,
1234 841 1267 896 et
1288 832 1431 914 singulas

382 954 526 1017 quasque
552 934 805 1019 propositionum
830 935 996 1010 formulas,
1021 934 1124 998 tribus
1149 929 1294 996 versibus
1322 933 1431 996 termi-

381 1056 485 1099 nasse.
530 1036 594 1099 Sed
617 1046 650 1100 et
669 1035 867 1114 Aristoteles,
881 1036 1148 1120 philosophorum
1163 1035 1344 1114 acerrimus,
1358 1056 1430 1119 per·

381 1139 481 1221 plexa
508 1138 717 1201 nihilominus
747 1137 915 1219 aenigmata
944 1158 1049 1222 prosse
1077 1134 1252 1199 locutionis
1280 1134 1432 1200 facundia

382 1238 480 1301 fultus
509 1248 754 1322 argumentatur.
798 1239 1015 1310 Quamobrem
1049 1246 1164 1301 nostrae
1194 1237 1430 1301 exercitationis

381 1339 565 1403 sollicitudo
590 1342 702 1404 horum
730 1341 889 1423 exemplis
915 1340 1077 1417 instincta,
1105 1347 1139 1402 et
1167 1340 1359 1402 commentia
1386 1338 1430 1403 sd

380 1440 600 1505 inventionem
614 1442 784 1518 stimulata,
799 1440 909 1505 decies
924 1440 1035 1519 denas,
1046 1440 1081 1504 id
1096 1449 1143 1505 est
1154 1447 1306 1504 centenas
1316 1441 1431 1524 quinas

381 1542 587 1624 aenigmatum
602 1541 837 1628 propositiones
852 1562 1045 1625 componere
1060 1542 1233 1617 nitebatur,
1248 1549 1281 1604 et
1295 1541 1429 1604 velutin

382 1642 520 1725 quodam
543 1642 720 1727 gymnasio,
741 1642 844 1726 prima
868 1642 1025 1723 ingenioli
1049 1641 1230 1706 rudimenta
1255 1640 1429 1705 exercitare

381 1744 526 1826 cupiens,
540 1754 577 1805 ut
589 1744 695 1807 venire
710 1742 813 1826 possit
827 1742 982 1826 deinceps
996 1742 1039 1806 ad
1057 1742 1309 1825 prestantiorem
1323 1742 1431 1826 operis

381 1844 562 1907 materiam:
585 1844 614 1906 si
636 1852 742 1907 tamen
765 1842 853 1925 prius
875 1843 946 1906 haec
968 1842 1142 1907 mediocria
1159 1844 1299 1908 metricae
1315 1842 1430 1908 defini·

379 1943 477 2007 tionis
492 1944 609 2027 regulis
623 1944 755 2007 minime
770 1942 949 2019 caruerint;
971 1944 1224 2028 tripartitamque
1235 1946 1429 2027 syllabarum

279 2090 298 2115 ,,
381 2044 593 2109 differentiam
615 2044 711 2129 juxta
735 2043 1002 2128 perpendiculum
1031 2046 1211 2110 scandendi
1239 2048 1299 2110 rite
1325 2069 1428 2111 serra·

381 2146 489 2211 verint.
534 2146 684 2229 Denique
706 2144 861 2229 praedicta
885 2145 1089 2229 aenigmatum
1116 2149 1258 2232 capitula
1280 2149 1429 2231 primitus

381 2247 544 2331 quaternis
559 2248 785 2310 versiculorum
796 2246 890 2309 lineis
902 2246 1041 2328 digesta3
1064 2249 1230 2331 sequentia
1240 2269 1325 2329 vero,
1331 2249 1429 2333 juxta

382 2346 472 2433 quod
492 2368 526 2411 se
547 2347 676 2411 occasio
700 2346 995 2429 componendarum
1017 2368 1121 2411 rerum
1142 2349 1301 2429 exhibuit,
1320 2352 1429 2435 quinis

380 2454 436 2508 aut
458 2444 556 2521 senis,
581 2446 633 2508 vel
658 2444 753 2507 etism
783 2444 927 2528 septenis
955 2454 1127 2505 metrorum
1156 2445 1300 2509 versibus
1328 2458 1361 2510 et
1389 2468 1429 2511 eo

380 2545 516 2629 amplius
552 2545 784 2609 carminantur:
827 2545 945 2628 quibus
984 2542 1210 2622 indesinenter,
1249 2546 1428 2612 secundum

379 2646 514 2731 poetice
544 2644 722 2709 traditionis
751 2645 967 2730 disciplinam,
992 2645 1075 2723 cola,
1099 2646 1149 2708 vel
1179 2657 1349 2728 commata,
1371 2670 1429 2716 seu

380 2747 635 2830 pentemimerim
671 2758 703 2810 et
742 2746 998 2831 heptemimerim
1035 2745 1216 2826 adnectere,
1252 2752 1429 2832 progressis

381 2851 466 2913 binis
494 2858 549 2913 aut
576 2849 676 2914 ternis
710 2850 849 2934 pedibus
880 2849 1068 2933 procuravi3
1101 2849 1245 2933 alioquin
1279 2850 1430 2937 dactylici

380 2951 558 3015 hexametri
572 2952 689 3034 regulae
698 2951 843 3032 legitima
854 2951 1010 3035 equitatis
1024 2951 1117 3015 lance
1128 2959 1284 3030 carentes,
1298 2953 1430 3019 lubricis

380 3053 574 3136 syllabarum
594 3054 754 3135 gressibus
775 3052 971 3117 vacillarent.
1017 3052 1115 3117 Porro
1130 3051 1325 3136 quodetiam
1342 3067 1430 3121 muta

378 3157 614 3222 insensibilium
635 3179 739 3221 rerum
760 3168 884 3236 natura,
899 3156 939 3221 de
962 3179 1026 3243 qua
1040 3157 1179 3239 oenigma
1197 3159 1380 3223 clanculum
1397 3168 1430 3224 et

378 3261 481 3324 latens
508 3260 685 3344 propositio
708 3261 921 3344 componitur,
947 3260 1040 3345 quasi
1060 3259 1151 3343 loqui
1172 3267 1205 3322 et
1226 3261 1429 3325 sermocinari

380 3361 528 3444 fingitur:
559 3360 621 3424 hoc
652 3370 685 3424 et
711 3362 746 3424 in
777 3361 877 3426 sacris
904 3361 1066 3424 literarum
1096 3359 1244 3443 apicibus
1273 3361 1427 3426 insertum

378 3463 506 3544 legitur:
530 3461 607 3544 quia
627 3482 859 3546 nonnunquam
881 3460 1083 3525 rationabilis
1102 3473 1245 3524 creatura
1262 3462 1429 3526 irrationa-

378 3563 494 3626 bilium
514 3571 609 3646 gestu
624 3572 657 3627 et
670 3563 816 3647 personis
831 3562 940 3640 utitur,
955 3573 988 3625 et
1002 3583 1019 3624 e
1035 3562 1191 3624 contrario
1206 3562 1430 3627 irrationabilis

378 3665 1429 3749 sensusvivacitatecarensintellectualiumgestuetvoceiungitur.

379 3765 659 3841 Quemadmodum
675 3767 709 3829 in
723 3767 806 3830 libro
820 3764 972 3830 Judicum
993 3765 1118 3828 diversa
1136 3765 1295 3846 lignorum
1312 3788 1429 3848 genera

379 3868 547 3931 articulata
567 3867 709 3932 hominis
731 3888 810 3930 voce
836 3865 1000 3950 loquentia
1024 3864 1239 3928 Monarchum
1263 3866 1428 3950 quaesiisse

378 3968 564 4047 referuntur,
576 3970 697 4047 lerunt,
709 3970 823 4051 inquit,
833 3969 921 4052 ligna
931 3988 1050 4049 ungere
1061 3987 1199 4049 superse
1209 3968 1348 4048 Regem:
1371 3969 1428 4032 ubi

379 4069 540 4150 sigillatim
556 4070 639 4133 sicut
659 4091 754 4152 supra
763 4070 833 4154 jam
856 4069 1008 4145 diximus,
1022 4068 1104 4132 ficus
1126 4079 1159 4132 et
1179 4068 1254 4131 vitis
1268 4070 1427 4154 simulque

378 4169 475 4249 oliva,
490 4179 522 4235 et
544 4170 583 4234 sd
607 4180 785 4234 extremum
805 4170 959 4233 rhamnus
979 4169 1054 4251 igne
1076 4169 1205 4254 proprio
1227 4169 1428 4254 flammisque

379 4271 547 4334 voracibus
557 4271 672 4334 Libani
684 4271 798 4336 cedros
809 4282 1064 4354 consumpturus,
1071 4269 1168 4353 juxta
1176 4271 1269 4333 ritum
1278 4269 1428 4336 humanas

378 4369 539 4436 ocutionis
553 4371 673 4455 profari
689 4371 909 4455 perhibentur.

420 4469 529 4554 Hujus
552 4472 648 4534 etiam
672 4472 755 4554 tropi
776 4470 909 4553 figuram
930 4469 966 4531 in
993 4479 1105 4554 quarto
1127 4492 1238 4553 regum
1264 4473 1427 4539 volumine

374 4572 452 4635 Joas
479 4570 669 4636 israeliticae
691 4571 796 4655 plebis
818 4571 1037 4654 gubernaculo
1058 4571 1181 4655 potitus
1201 4572 1245 4637 ad
1267 4574 1428 4640 amasiam
