3759 5425
432 781 497 837 ast
721 788 1181 849 emmerammensis

432 944 530 1019 enim,
544 956 581 1006 ut
603 942 671 1004 lieri
693 943 785 1017 solet,
806 942 947 1021 nrlgaris
965 942 1080 1023 opinio
1099 964 1141 1005 ex
1164 940 1316 1023 pontifice
1338 940 1492 1020 genitum

431 1043 586 1109 crederet.
630 1044 758 1106 Anxius
782 1042 976 1105 Aldbelmus
1000 1045 1103 1107 multa
1127 1043 1267 1107 amicitia
1295 1040 1491 1105 scederetum

430 1144 495 1207 sibi
509 1145 677 1227 presulem
691 1144 749 1204 tali
764 1141 913 1205 foedenri
926 1143 1075 1207 infamia:
1098 1156 1235 1227 puerum
1248 1163 1363 1205 novem
1375 1142 1458 1207 dies
1473 1165 1495 1207 a

432 1246 598 1308 nativitate
627 1246 813 1318 habentem,
836 1243 984 1306 exbiberi
1013 1246 1186 1328 praecepit:
1217 1244 1420 1327 imperatque
1454 1242 1493 1307 in

433 1348 547 1411 vinae
572 1358 604 1409 et
629 1348 663 1408 in
687 1346 821 1408 nomine
841 1346 923 1408 Jesu
945 1346 1064 1409 Christi
1086 1358 1122 1409 ut
1144 1346 1329 1423 fateatuesi
1351 1346 1494 1428 Sergius

432 1446 549 1509 incesti
563 1444 715 1509 conscius
726 1444 871 1506 babetur.
915 1444 1100 1527 Respondit
1117 1445 1224 1508 iulans
1245 1446 1493 1509 absolutissimo

432 1568 579 1611 sermone
593 1546 777 1609 Antiatitem
791 1546 921 1608 affinem
935 1546 1079 1610 criminis
1093 1568 1160 1610 non
1175 1568 1263 1609 esse:
1289 1547 1371 1609 nibil
1392 1547 1492 1609 illum

432 1668 602 1711 commune
623 1668 698 1708 cum
718 1643 863 1707 secundo
884 1667 966 1707 sexu
988 1646 1117 1708 habere.
1163 1644 1354 1708 Aldhelmus
1375 1648 1493 1731 itaque

431 1764 465 1811 et
478 1749 521 1811 ab
535 1748 640 1810 amico
653 1746 809 1829 pontifice
823 1744 948 1826 depulit
969 1746 1150 1809 infamiam:
1174 1758 1207 1809 et
1226 1748 1286 1809 sibi
1302 1748 1492 1810 accumula-

434 1848 480 1911 rit
493 1848 637 1929 gratiam.
681 1847 764 1910 Cum
779 1858 888 1908 autom
898 1845 932 1905 in
947 1848 1096 1909 coeuobio
1112 1868 1170 1909 suo
1183 1848 1352 1910 eeclesiam
1363 1858 1490 1910 sanctie

433 1949 547 2011 blarirc
573 1962 781 2023 construeret,
805 1950 870 2010 ima
894 1946 1034 2009 trabium
1057 1946 1240 2010 necessaria
1269 1948 1390 2010 curtior
1412 1948 1491 2010 aliis

431 2049 562 2110 inventa
587 2048 659 2110 tirit.
715 2046 906 2109 Aldhelmus
933 2046 1031 2129 igitur
1060 2048 1131 2110 susa
1159 2046 1201 2109 ad
1232 2048 1338 2110 Deum
1369 2070 1487 2132 prece:

432 2148 554 2210 trabem
569 2167 646 2208 mox
656 2148 754 2231 juxta
769 2159 879 2209 sotum
893 2149 1077 2229 elongatam
1093 2149 1227 2211 invenit
1272 2148 1324 2212 Ea
1348 2158 1488 2232 tempes-

432 2260 497 2311 tate
518 2269 538 2310 a
553 2246 756 2310 Bertbrraldo
771 2248 1028 2332 Arcbiepiscopo
1043 2248 1085 2311 ad
1101 2250 1299 2333 colloquium
1315 2250 1488 2326 adscitum,

433 2370 474 2413 eo
493 2350 591 2433 juxta
614 2351 705 2413 littus
732 2350 830 2413 maris
865 2362 1049 2413 transeunte
1079 2363 1186 2414 nautae
1216 2350 1349 2435 quidum
1380 2352 1486 2435 ipsum

434 2454 576 2516 restibus
589 2451 756 2516 sordidum
771 2466 978 2515 contemnere
994 2466 1026 2516 et
1041 2453 1186 2515 deridere
1203 2475 1268 2516 non
1285 2456 1485 2517 verebantur.

434 2556 479 2618 Et
493 2576 570 2618 ecce
585 2555 744 2617 contrario
762 2555 860 2617 flante
875 2565 972 2616 rento
988 2576 1073 2617 mare
1088 2555 1243 2637 insurgit:
1266 2555 1370 2618 hiems
1385 2556 1486 2631 suerit,

435 2668 607 2739 tempestas
629 2654 807 2720 invalescit.
851 2654 1073 2719 periclitantes
1095 2676 1170 2738 ergo
1193 2666 1298 2720 nuutae
1321 2666 1355 2720 et
1376 2656 1487 2720 mortis

435 2758 545 2819 boram
560 2767 780 2840 expectantes,
793 2767 917 2818 rentmn
928 2777 1021 2818 suum
1034 2777 1107 2819 cum
1119 2757 1260 2819 lacrimis
1274 2756 1484 2820 confitentur:

434 2870 467 2922 et
488 2857 591 2921 sancti
613 2856 777 2920 Aldhelmi
800 2857 984 2938 suffragium
1011 2857 1220 2920 inclamitant„
1265 2861 1309 2920 At
1333 2857 1389 2921 ille
1415 2879 1486 2921 sca·

434 2960 534 3043 pbam
548 2959 589 3022 ad
603 2957 803 3021 inserendum
819 2958 975 3020 auxilium
988 2957 1180 3020 conscendit
1194 2971 1227 3022 et
1240 2980 1329 3036 mox,
1344 2970 1381 3023 ut
1390 2980 1486 3022 sanc-

434 3073 486 3121 tus
499 3059 641 3121 lembum
656 3079 789 3142 corpore
803 3079 862 3120 suo
877 3060 1010 3141 pressit:
1035 3058 1076 3122 ud
1087 3081 1213 3122 omnem
1224 3061 1486 3144 tranquillitatem

435 3179 470 3221 se
483 3169 627 3240 paratum
649 3179 735 3220 mare
757 3161 911 3242 praebuit:
934 3171 967 3222 et
989 3173 1102 3224 nautas
1121 3182 1197 3223 cum
1218 3183 1299 3223 nare
1321 3175 1412 3226 terrm
1428 3185 1485 3247 ap

435 3259 527 3342 pulit.
572 3258 639 3320 Hic
665 3271 773 3321 autem
796 3261 843 3322 vir
863 3270 996 3324 sanctus
1018 3262 1135 3324 multos
1165 3263 1356 3345 conscripsit
1384 3264 1487 3326 libros

436 3369 549 3441 utpote
563 3358 781 3443 undecunque
797 3359 1014 3438 doctissimus,
1029 3360 1113 3425 inter
1127 3363 1333 3445 quoslibrum
1350 3361 1391 3426 de
1414 3365 1486 3426 Vir-

436 3463 547 3544 ginum
567 3461 663 3525 laude
686 3473 718 3523 et
739 3460 779 3524 de
800 3483 910 3545 pugna
932 3477 1055 3546 septem
1077 3463 1301 3546 principalium
1318 3464 1486 3527 vitiorum:

437 3563 478 3626 de
504 3563 684 3647 disciplinis
709 3561 991 3646 pbilosophorum:
1022 3562 1064 3625 de
1093 3562 1311 3626 admonitione
1340 3564 1488 3628 fraterna·

438 3665 581 3728 caritatis
594 3665 774 3748 multosque
797 3664 877 3726 ulios
891 3665 1075 3747 composuit
1089 3665 1198 3726 libros.
1243 3663 1333 3726 Fecit
1355 3685 1487 3748 quoque

439 3767 623 3830 coenobium
633 3766 731 3850 juxta
745 3764 876 3828 flurium
890 3766 947 3850 qui
959 3775 1089 3828 vocatur
1100 3765 1127 3827 F
1126 3785 1226 3842 rome,
1236 3765 1292 3827 ubi
1305 3764 1412 3829 adbuc
1424 3777 1490 3830 stet

437 3869 576 3931 eeclesia
589 3868 625 3929 in
640 3868 761 3930 honore
785 3865 898 3930 Sancti
919 3867 1078 3930 lobannis
1101 3866 1257 3950 Baptistae
1282 3877 1487 3932 constructa:

438 3982 471 4034 et
485 3969 571 4051 apud
593 3969 771 4032 Bradeford
791 3968 917 4032 tertium
939 3969 1119 4032 construxit
1141 3969 1376 4032 monesterium.
1422 3967 1489 4032 Sed

438 4072 495 4135 illa
509 4069 702 4133 monasteria
714 4091 735 4133 a
759 4069 860 4131 Danis
875 4081 987 4152 postea
1009 4069 1136 4132 fuerunt
1150 4068 1255 4132 deleta
1269 4083 1301 4133 et
1316 4068 1488 4134 destructa.

441 4171 611 4252 Nusquam
626 4166 711 4228 enim
727 4187 748 4230 a
762 4166 954 4228 monasterio
971 4165 1034 4227 nisi
1055 4166 1243 4230 necessitate
1261 4187 1379 4248 magna
1392 4188 1489 4231 coac-

439 4275 492 4327 tus
517 4262 735 4346 progrediens,
756 4263 965 4346 pecuniarum
989 4263 1120 4326 minime
1147 4263 1259 4326 aridus
1284 4263 1404 4327 extitit:
1430 4263 1489 4327 sed

439 4365 547 4428 omniu
561 4364 622 4427 sibi
637 4377 766 4445 erogata
779 4363 813 4425 in
829 4385 907 4427 usus
917 4363 1013 4426 utiles
1027 4375 1059 4426 et
1074 4385 1252 4448 pauperum
1263 4363 1488 4446 expendebat:

440 4475 476 4523 nt
490 4476 597 4524 autem
612 4484 739 4524 carnem
762 4485 851 4526 suam
874 4464 1019 4543 fragilem
1043 4462 1172 4527 domare
1188 4479 1311 4549 posset:
1335 4465 1415 4529 sonti
1431 4467 1489 4548 qui

438 4557 605 4637 proximus
619 4572 668 4620 est
682 4562 883 4639 monasterio,
898 4563 955 4643 qui
968 4563 1039 4626 lons
1055 4565 1157 4628 sancti
1170 4565 1334 4630 Aldhelmi
1347 4578 1489 4645 vocatur,

1597 344 1635 904 i
