3759 5425
748 766 792 809 an
807 763 1019 810 annonarum.
1366 752 1407 810 85

352 917 530 982 illustratos
558 916 660 996 gratia
689 917 787 982 luisse
816 916 1036 1000 grandiloquis
1072 917 1300 981 assertionibus
1330 939 1405 982 con-

353 1030 519 1096 testantur,
535 1019 590 1101 qui
611 1019 638 1081 si
654 1041 673 1083 a
687 1021 784 1082 nobis
804 1020 941 1083 sollicite
963 1019 1176 1096 sciscitentur,
1193 1020 1265 1104 quis
1285 1021 1406 1103 primus

353 1132 465 1184 auctor
478 1143 597 1184 rasurae
611 1121 709 1205 hujus
723 1132 757 1186 et
771 1132 911 1186 tonsurae
932 1123 1086 1202 extiterit,
1101 1125 1233 1186 omuino
1256 1137 1310 1188 aut
1325 1127 1406 1188 veri·

354 1232 440 1283 atem
459 1220 652 1301 ignorando,
664 1233 721 1285 aut
736 1223 907 1286 falsitatem
923 1222 1156 1287 dissimulando
1172 1225 1405 1289 obmutescunt.

353 1321 425 1385 Nos
455 1334 561 1386 autem
584 1322 762 1386 secundum
783 1325 991 1406 plurimorum
1023 1325 1220 1407 opinionem,
1242 1325 1406 1390 Simonem

352 1425 487 1505 magicae
511 1424 589 1487 artis
606 1425 806 1489 inventorem
826 1425 924 1509 hujus
944 1437 1084 1489 tonsurae
1104 1427 1283 1510 principem
1308 1427 1404 1491 fuisse

351 1527 580 1609 comperimus,
602 1528 678 1610 quia
704 1529 830 1611 qualem
855 1539 1075 1611 quantumque
1099 1530 1325 1594 necromantiae
1350 1531 1406 1594 sal-

351 1629 469 1692 laciam
488 1637 601 1692 contra
620 1631 751 1694 beatum
772 1632 902 1694 Petrum
925 1632 1142 1696 fraudulenter
1163 1633 1407 1710 machinaretur,

352 1741 519 1794 certamen
548 1733 777 1816 Apostolorum
807 1743 840 1796 et
870 1733 983 1798 decem
1007 1735 1080 1797 libri
1103 1735 1279 1799 Clementis
1307 1747 1406 1800 testes

351 1842 450 1907 sunt;
481 1852 553 1908 nos,
582 1832 725 1917 inquam,
756 1833 935 1898 secundum
965 1843 1200 1898 sacrosanctam
1231 1838 1404 1920 Scripturas

353 1933 588 2011 auctoritatem,
603 1933 644 1997 de
667 1945 799 1999 tonsura
820 1946 929 2000 nostra
946 1936 1085 2000 veritatis
1104 1937 1317 2000 testimonium
1334 1959 1405 2021 per-

353 2035 516 2112 hibentes,
542 2037 685 2100 dirersas
716 2040 758 2102 ob
787 2059 903 2101 causas
933 2041 1061 2102 Petrum
1093 2040 1283 2121 Apostolum
1320 2039 1405 2102 hunc

351 2135 449 2199 ritum
472 2138 649 2220 sumpsisse
670 2138 840 2202 asserimus
862 2139 1007 2222 primitus
1032 2147 1067 2202 ut
1088 2138 1220 2202 sormam
1243 2149 1276 2202 et
1294 2139 1407 2202 simili·

352 2238 501 2301 tudinem
524 2238 643 2302 Christi
662 2241 697 2303 in
719 2241 826 2325 capite
846 2252 994 2323 gestaret,
1010 2240 1086 2303 dum
1106 2262 1164 2323 pro
1186 2240 1405 2324 redemptione

351 2350 464 2402 nostra
486 2339 592 2403 crucis
618 2341 799 2422 patibulum
822 2343 994 2417 subitums,
1017 2364 1036 2405 a
1057 2340 1198 2405 nefanda
1218 2341 1404 2405 Judaeorum

351 2450 449 2522 gente
487 2441 591 2504 acutis
627 2443 789 2526 spinarum
827 2444 948 2507 aculeis
985 2442 1157 2506 crudeliter
1193 2454 1404 2507 coronaretur.

350 2541 483 2605 Deinde
519 2550 555 2604 ut
584 2541 774 2607 Sacerdotes
802 2544 926 2607 Veteris
963 2555 995 2606 et
1025 2543 1108 2605 Novi
1137 2543 1335 2606 Testamenti
1371 2545 1405 2606 in

349 2654 486 2706 tonsura
513 2654 546 2705 ct
575 2643 688 2706 habitu
718 2644 982 2711 discernerentur.
1043 2645 1221 2720 Postremo,
1250 2653 1286 2706 ut
1317 2644 1403 2707 idem

350 2745 539 2827 Apostolus,
566 2745 682 2827 suique
707 2766 909 2811 successores
933 2757 966 2808 et
989 2743 1173 2828 sequipedae
1196 2742 1404 2809 ridiculosum

350 2856 538 2925 puncturae
551 2846 728 2910 ludibrium
743 2848 776 2909 in
796 2846 918 2932 populo
931 2847 1079 2909 Romano
1094 2854 1267 2927 portarent,
1283 2846 1358 2929 quia
1373 2858 1405 2910 et

349 2968 459 3011 eorum
489 2948 634 3011 Berones
656 2958 688 3010 et
710 2948 820 3011 hostes
846 2947 992 3011 exercitu
1010 2955 1175 3030 superatos
1199 2947 1259 3009 sub
1283 2966 1404 3010 corona

351 3048 488 3113 rendere
504 3050 660 3113 solebant.
705 3050 866 3114 Caeterum
877 3049 911 3112 in
922 3048 1032 3112 Veteri
1042 3048 1247 3111 Testamenta
1263 3059 1403 3113 tonsurae

350 3151 479 3232 signum
499 3171 520 3213 a
539 3151 715 3229 Nazaraeis‚
729 3151 765 3214 id
786 3161 836 3215 est
857 3152 995 3230 Sanctis,
1016 3151 1050 3213 ni
1070 3152 1171 3229 fallor,
1186 3151 1323 3234 sumpsit
1342 3172 1399 3215 ex·

350 3251 488 3314 ordinm.
532 3252 595 3314 Ilst
623 3251 710 3314 enim
738 3254 843 3334 regale
872 3262 905 3315 et
929 3252 1129 3316 sacerdotale
1153 3253 1329 3315 stemmatis
1354 3253 1404 3314 in·

350 3354 482 3418 dicium.
528 3354 614 3417 Nam
643 3352 724 3416 tiara
746 3353 834 3437 apud
857 3363 979 3417 veteres
1002 3354 1035 3416 iu
1065 3352 1171 3437 capite
1201 3353 1403 3417 sacerdotum

349 3456 614 3520 constiarebatur.
660 3457 744 3519 Haec
774 3457 872 3539 bysso
900 3464 1018 3519 retorto
1048 3454 1185 3518 rotunda
1215 3464 1281 3516 erat
1311 3453 1402 3536 quasi

350 3559 476 3642 sphaera
497 3558 616 3637 media,
637 3569 670 3622 et
690 3560 754 3622 hoc
776 3557 976 3639 significatur
997 3556 1031 3618 in
1053 3564 1142 3639 parte
1160 3554 1274 3638 capitis
1300 3564 1401 3616 tonsa.

349 3660 478 3724 Corona
514 3673 620 3724 autem
648 3662 784 3724 latitudo
813 3681 909 3724 aurea
937 3670 987 3722 est
1015 3658 1138 3734 circuli,
1169 3676 1241 3738 quae
1272 3656 1400 3734 Regum

350 3764 458 3846 capita
486 3764 596 3846 cingit.
644 3765 824 3849 Utmmque
854 3765 963 3845 itaque
995 3762 1122 3841 signum
1152 3756 1341 3839 exprimitur
1367 3758 1399 3819 in

350 3866 454 3947 capite
470 3865 672 3943 clericorum,
682 3865 779 3928 Petro
793 3864 938 3929 dicente:
961 3861 1028 3923 Vos
1043 3859 1119 3922 estis
1135 3877 1236 3939 genus
1252 3859 1401 3935 electum,

348 3971 452 4051 regale
482 3968 707 4032 sacerdotium.
765 3970 842 4032 Hoc
872 3965 933 4028 ritu
957 3960 1112 4028 tondendi
1135 3971 1167 4024 et
1196 3961 1341 4039 radendi,
1364 3972 1400 4027 ut

348 4072 426 4135 vitia
444 4080 640 4150 resecentur,
655 4072 809 4152 signatur,
828 4078 861 4132 et
880 4069 1021 4133 crinibus
1043 4064 1148 4129 carnis
1168 4072 1284 4127 nostrae
1307 4066 1401 4147 quasi

348 4172 537 4235 criminibus
552 4191 718 4233 exuamur.

388 4272 451 4335 Est
464 4282 571 4335 autem
586 4273 687 4334 altera
702 4270 860 4334 crudelior
875 4268 1050 4332 animarum
1066 4265 1234 4348 pemicies‚
1249 4267 1348 4350 quod,
1363 4269 1397 4333 in

345 4384 554 4437 sacrosancta
569 4371 720 4435 Paschali
741 4370 953 4447 solemnitate,
968 4367 1175 4433 CCCXVIII
1199 4368 1327 4431 Patrum
1350 4391 1398 4433 re-

344 4478 456 4557 gulam
481 4496 547 4538 non
578 4482 730 4552 sectatur,
755 4474 811 4557 qui
836 4473 870 4534 in
895 4472 1032 4535 Nicaeno
1057 4468 1206 4533 Concilio
1237 4469 1397 4533 decenno-

339 4577 489 4641 venalem
503 4574 649 4641 laterculi
672 4575 826 4638 circulum
846 4594 903 4654 per
918 4568 1099 4653 ogdoadam
1119 4581 1152 4634 et
1171 4570 1394 4635 hendekadam
