3759 5425
468 670 510 726 7¹1
829 681 856 726 S.
871 681 1049 726 annuatur
1065 681 1168 726 umus

469 835 660 898 soecnlonun
681 833 812 897 milibus
834 832 1020 914 designasse
1043 833 1219 918 priscorum
1242 843 1370 918 patrum
1397 831 1525 896 decreta

471 946 656 1013 sanxerunt,
671 955 738 997 uon
760 954 836 1015 ergo
856 933 970 996 ruituri
990 934 1088 998 vetita
1111 933 1223 997 mnudi
1246 943 1434 997 ornamenta
1448 953 1524 1014 pur·

468 1057 577 1119 purete
599 1035 749 1120 pretiosis
772 1033 920 1098 tincturae
935 1035 1110 1098 muricibus
1132 1037 1276 1099 colorata
1297 1034 1436 1096 alumnis
1459 1053 1526 1097 coe·

468 1139 558 1202 nobii
579 1137 759 1202 remaculis
773 1137 896 1203 Christi
918 1138 1106 1218 Virginibus
1127 1137 1286 1202 Ecclesiae
1309 1147 1421 1200 conus
1435 1137 1525 1218 Apo-

468 1241 582 1304 stolica
595 1249 713 1303 statuta
727 1248 760 1302 et
773 1239 891 1320 legalia
903 1240 983 1303 scita
1002 1241 1062 1304 rite
1083 1261 1121 1304 ac
1144 1239 1326 1322 regulariter
1347 1257 1524 1319 congruere

470 1353 601 1426 queunt.
646 1341 814 1426 Siquidem
850 1351 959 1425 pastor
995 1343 1100 1424 gregis
1139 1341 1304 1405 Dominici
1340 1352 1374 1404 et
1403 1339 1527 1424 janitor

469 1447 608 1509 coelestis
622 1445 715 1522 auloe,
728 1443 770 1507 de
787 1465 852 1527 quo
867 1447 979 1522 Poeta,

654 1549 778 1618 Clarigsr
791 1549 920 1604 Ethereus
930 1557 1032 1623 portam
1043 1551 1089 1620 qni
1100 1550 1192 1622 pandit
1202 1551 1230 1603 in
1243 1549 1334 1603 ssthrs.

469 1654 520 1716 Ita
542 1651 733 1715 authoritate
757 1650 930 1734 principali
954 1662 986 1715 et
1011 1653 1197 1716 authentico
1223 1652 1421 1716 Pontificatu
1449 1673 1523 1736 pro-

469 1754 605 1835 mulgat:
632 1754 684 1814 Sit
709 1753 843 1814 mulieri
868 1773 929 1814 nou
957 1756 1103 1816 euterius·
1128 1755 1325 1829 ornamenti,
1348 1761 1409 1815 uui
1434 1755 1524 1832 auri,

468 1863 528 1917 aut
557 1856 652 1916 certic
679 1855 799 1930 cultas,
826 1854 884 1916 sed
909 1855 1019 1917 cultus
1051 1855 1167 1917 cordis.
1222 1854 1320 1918 Unde
1350 1855 1525 1935 Gregorius

469 1955 602 2038 pervigil
624 1965 740 2038 pastor,
764 1963 796 2018 et
818 1955 1017 2038 paedagogus
1041 1965 1159 2034 noster,
1181 1967 1288 2019 noster
1309 1957 1441 2040 iuquam
1465 1957 1524 2040 qui

468 2058 584 2120 nostris
614 2057 799 2141 parentibus
829 2079 966 2121 errorem
996 2067 1085 2123 tetrae
1115 2059 1303 2139 gentilitatis
1332 2058 1464 2122 abstulit
1492 2066 1526 2121 et

469 2158 685 2240 regenerantis
712 2158 821 2239 gratie
849 2179 993 2222 normam
1019 2158 1162 2235 tradidit,
1189 2181 1262 2224 cum
1289 2158 1523 2240 Evangelicnm

469 2259 657 2342 explanaret
671 2257 811 2323 dictum:
832 2261 919 2322 Ecce
935 2262 993 2343 qui
1008 2259 1158 2324 mollibus
1173 2263 1356 2325 vestiuntur
1370 2263 1407 2323 in
1422 2260 1524 2324 domi·

468 2359 527 2423 bus
540 2381 651 2441 regum
666 2369 753 2439 cunt,
768 2359 925 2444 adjunxit.
972 2363 1077 2424 Nemo
1098 2383 1173 2444 ergo
1192 2363 1355 2426 existimet
1367 2363 1401 2424 in
1417 2360 1524 2425 studio

469 2461 602 2525 vestium
624 2473 794 2546 peccatum
819 2460 941 2539 deesse,
966 2459 1043 2544 quia
1069 2463 1097 2524 si
1122 2463 1185 2526 hoc
1208 2463 1306 2546 culpa
1331 2483 1396 2525 non
1427 2471 1524 2540 esset,

470 2581 672 2648 nequaqnam
690 2565 802 2626 Petrus
817 2563 992 2645 Apostolus
1007 2584 1065 2646 per
1080 2563 1248 2648 epistolam
1265 2585 1355 2628 sunm
1375 2563 1524 2628 foeminas

471 2689 490 2730 a
521 2667 731 2751 pretiosarum
767 2664 905 2729 restium
941 2665 1089 2747 appetitu
1130 2675 1358 2749 compesceret,
1394 2663 1521 2730 diceus:

469 2770 544 2831 Non
561 2771 597 2831 in
611 2777 695 2832 veste
706 2770 862 2849 pretiosa.
893 2766 991 2838 Quod
1008 2766 1035 2829 si
1050 2767 1113 2830 boc
1129 2769 1226 2851 culpa
1240 2788 1306 2831 non
1322 2777 1416 2846 esset,
1430 2767 1522 2830 nullo

469 2868 567 2931 modo
580 2870 601 2931 J
603 2888 739 2931 oannem
752 2868 912 2929 Dominus
920 2866 962 2929 de
974 2867 1152 2930 vestimenti
1164 2868 1332 2952 asperitate
1348 2868 1522 2944 laudasset,

469 2980 601 3051 pensate
624 2990 696 3052 qua·
718 2969 815 3051 culpa
837 2968 894 3031 sit:
926 2968 1003 3031 Hoc
1025 2969 1121 3031 etiam
1147 2970 1232 3033 viros
1256 2979 1405 3051 appetere
1421 2990 1440 3031 a
1456 2989 1522 3054 qno

470 3068 594 3131 curavit
607 3077 714 3151 pastor
727 3066 886 3130 Ecclesiae
901 3076 934 3129 et
948 3066 1096 3130 soeminas
1110 3069 1289 3151 prohibere.

513 3170 599 3231 LVI.
623 3167 767 3231 Evidens
792 3188 933 3252 namque
963 3178 998 3231 ut
1026 3168 1107 3231 mihi
1133 3168 1268 3245 videtur,
1291 3168 1523 3235 inexcusabilis

468 3269 655 3353 arrogantioe
669 3270 821 3353 probrum
836 3276 869 3332 et
884 3268 1107 3332 ostentationis
1121 3268 1286 3346 indicium,
1301 3290 1343 3333 ex
1359 3291 1398 3332 eo
1414 3270 1524 3335 decla·

464 3384 561 3450 ratur,
576 3372 663 3457 quod
677 3392 772 3435 nemo
792 3372 838 3435 ibi
857 3370 1006 3454 pretiosis
1025 3382 1059 3434 et
1084 3372 1234 3435 coloratis
1259 3372 1401 3436 restibus
1423 3372 1516 3436 indui

470 3474 640 3551 desiderat,
654 3475 711 3537 ubi
731 3495 751 3536 a
771 3475 860 3536 nullo
885 3474 972 3536 valet
986 3472 1096 3549 videri,
1112 3472 1198 3536 unde
1222 3474 1262 3537 Β.
1279 3474 1466 3557 Cyprianus
1480 3474 1523 3539 de

469 3578 656 3661 Virginibus
677 3578 825 3661 loquens,
840 3574 918 3659 quid
939 3575 1046 3659 inquit
1065 3585 1186 3653 ornata,
1201 3575 1281 3660 quid
1302 3588 1433 3659 compta
1447 3596 1520 3659 pro·

470 3680 568 3759 cedit,
590 3680 683 3764 quasi
702 3678 860 3755 maritum,
880 3690 935 3740 aut
954 3677 1083 3754 habeat,
1109 3686 1165 3741 aut
1191 3675 1333 3761 quaerat?
1372 3678 1417 3741 Et
1437 3678 1521 3741 inira

469 3779 621 3845 subdidit.
660 3781 775 3863 Neque
790 3777 875 3841 enim
890 3775 1057 3857 Virginem
1072 3772 1119 3837 sas
1135 3786 1182 3837 est
1196 3773 1237 3837 ad
1253 3774 1394 3858 speciem
1411 3774 1520 3839 formae

468 3903 535 3946 suoe
549 3882 643 3959 comi,
658 3894 714 3944 aut
727 3880 769 3944 de
783 3900 888 3955 carne,
902 3889 935 3941 et
950 3878 1022 3962 ejus
1035 3876 1274 3959 pulchritudine
1290 3877 1429 3959 gloriari,
1444 3898 1517 3941 cnm

468 3984 641 4068 Apostolus
656 3983 752 4057 dicat,
769 3983 859 4044 Mili
877 3986 988 4042 auum
1006 3977 1090 4041 absit
1115 3980 1263 4060 gloriari,
1278 3980 1346 4041 crui
1369 3980 1406 4041 in
1426 4000 1522 4043 cruce

469 4086 606 4149 1)οωὶπὲ
626 4085 730 4147 nostri
750 4082 831 4145 Jcsu
855 4081 998 4149 Obraktir
1031 4080 1122 4143 nulla
1145 4080 1188 4143 sit
1210 4080 1275 4143 illis
1296 4080 1400 4162 magis
1424 4099 1520 4163 quam

467 4186 619 4250 adversus
641 4204 767 4250 carnem
790 4182 977 4247 colluctatio
999 4193 1033 4246 et
1055 4180 1203 4245 vincendi
1226 4182 1370 4265 corporis
1395 4202 1434 4245 uc
1460 4180 1521 4245 do·

467 4288 577 4351 mandi
591 4288 752 4351 obstinata
766 4287 907 4351 certatio.
946 4287 1211 4349 ornamentorum
1227 4286 1312 4348 enim
1327 4304 1365 4349 ac
1382 4284 1517 4348 restium

469 4390 609 4470 insignia
632 4400 665 4451 et
693 4388 854 4451 lenocinia
878 4387 1062 4462 sennarum,
1086 4406 1151 4448 non
1180 4386 1242 4449 nisi
1273 4384 1453 4469 prostitutis
1481 4406 1519 4449 ac

468 4490 640 4576 impudicis
662 4489 802 4553 soemiuis
825 4499 1016 4569 congruunt,
1035 4498 1067 4551 et
1086 4488 1243 4550 nullarum
1267 4488 1331 4550 sere
1353 4484 1524 4569 pretiosior
