3759 5425
481 748 540 806 116

757 767 800 812 DE
817 769 966 815 aasmrca
984 769 1173 832 salmossa,
1191 770 1263 816 ETC.

570 917 714 1000 Turgida
728 943 804 985 cum
818 923 940 986 ratibus
956 925 1103 989 sulcabat
1118 926 1235 990 caerula
1248 922 1364 999 curris,

569 1020 615 1084 Et
629 1022 724 1087 maris
740 1046 904 1108 aequoreos
918 1027 1074 1090 lustrabat
1089 1028 1232 1110 regmine
1248 1044 1389 1108 campos

571 1121 688 1203 Algida
704 1126 844 1188 ventosis
859 1126 1059 1210 crepitabant
1073 1129 1207 1192 carbasa
1221 1125 1340 1203 flabris,

571 1223 686 1286 Donec
702 1226 798 1289 barca
813 1226 884 1289 rudi
899 1228 1048 1310 pulsabat
1062 1229 1169 1292 littora
1182 1239 1295 1291 rostro.

570 1324 659 1388 Exin
674 1327 837 1390 nimbosas
853 1328 1050 1392 transcendit
1063 1331 1213 1412 passibus
1228 1331 1328 1414 Alpes

570 1426 749 1508 Aggeribus
766 1429 867 1493 niveis
882 1439 913 1492 et
927 1431 1047 1493 montis
1062 1431 1178 1494 vertice
1195 1442 1312 1514 septas.

573 1527 675 1612 Cujus
690 1529 723 1591 in
740 1529 879 1593 adventu
894 1531 1012 1612 gaudet
1026 1533 1197 1596 clementia
1212 1533 1335 1607 Romae,

572 1629 617 1692 Et
631 1630 725 1692 simul
741 1632 886 1694 ecclesiae
901 1632 1028 1695 laetatur
1042 1635 1146 1698 clerus
1159 1635 1193 1696 in
1208 1636 1298 1711 urbe,

573 1732 659 1793 Dum
675 1732 773 1813 mergi
785 1733 901 1795 meruit
916 1735 1066 1817 baptismi
1081 1736 1206 1816 gurgite
1220 1735 1309 1798 felix.

571 1832 650 1896 Post
663 1834 752 1897 albas
767 1833 861 1915 igitur
875 1836 988 1899 morbo
1004 1850 1168 1921 correptus
1182 1837 1330 1919 egrescit,

572 1935 685 2000 Donec
702 1937 841 2000 mortalis
857 1937 970 2000 clausit
985 1938 1243 2020 spiraculorum,

571 2037 647 2098 Alta
662 2057 869 2119 supernorum
886 2038 1081 2122 conquirens
1095 2061 1194 2120 regna
1208 2042 1364 2124 polorum,

571 2137 701 2201 Clarum
717 2139 869 2218 stelligeri
884 2139 1107 2202 conscendens
1122 2142 1250 2205 culmen
1265 2139 1406 2224 Olympi.

612 2238 678 2301 Sed
693 2239 743 2302 his
757 2239 957 2324 principibus
973 2242 1086 2304 caelum
1102 2242 1345 2326 penetrantibus
1359 2241 1472 2315 altum,

573 2340 715 2412 Quonam
732 2339 886 2424 descripsi
896 2340 965 2425 jam
980 2343 1056 2405 bina
1071 2344 1228 2407 vocabula
1242 2342 1374 2420 dudum,

572 2441 698 2504 Tertius
714 2442 841 2525 accepit
855 2453 1015 2525 sceptrum
1031 2454 1176 2525 regnator
1190 2444 1344 2528 opimum,

573 2543 676 2615 Quem
693 2544 833 2608 clamant
848 2543 899 2606 lui
915 2556 1001 2607 certo
1016 2545 1208 2625 cognomine
1224 2554 1345 2625 gentes,

574 2645 637 2719 Qui
652 2667 739 2709 nuuc
754 2645 922 2730 imperium
938 2645 1105 2708 Saxonum
1116 2645 1190 2729 jure
1205 2648 1368 2729 gubernat

574 2749 647 2821 Quo
662 2759 815 2827 regnante
832 2769 949 2810 novum
963 2748 1117 2831 praecelsa
1131 2749 1215 2811 mole
1230 2749 1383 2811 sacellum

577 2852 690 2933 Bugge
707 2851 887 2914 construxit
901 2850 1040 2934 supplex
1055 2851 1225 2913 remacula
1240 2850 1371 2926 Christi,

576 2954 649 3025 Qua
662 2952 784 3033 fulgent
798 2974 860 3016 arae
875 2952 926 3015 bis
942 2972 1020 3014 seno
1037 2952 1166 3014 nomine
1181 2972 1278 3016 sacrae

576 3055 713 3135 Insuper
726 3052 871 3135 apsidam
889 3064 1057 3116 consecrat
1071 3054 1211 3135 Virginis
1225 3073 1299 3116 arae.

574 3155 767 3217 Praesentem
783 3175 859 3234 ergo
874 3153 959 3217 diem
975 3156 1085 3219 cuncti
1101 3157 1299 3219 celebremus
1314 3166 1458 3234 ovantes,

577 3257 622 3319 Et
636 3257 801 3339 reciproca
816 3257 889 3318 Deo
904 3255 1106 3321 modulemur
1121 3258 1262 3320 carmina
1276 3256 1415 3320 Christo.

576 3358 741 3421 Menstrua
756 3358 922 3420 volvuntur
937 3358 1066 3421 alternis
1081 3369 1223 3441 tempora
1238 3358 1336 3436 sestis,

575 3462 622 3524 Et
636 3460 759 3524 vicibus
774 3458 870 3523 certis
885 3480 1040 3523 annonam
1055 3461 1154 3523 lustra
1168 3461 1328 3523 rotabunt.

576 3563 737 3627 Dulcibus
752 3562 936 3645 antiphonae
953 3563 1083 3646 pulsent
1096 3562 1284 3625 accentibus
1299 3583 1401 3636 aures,

578 3664 743 3729 classibus
758 3676 790 3727 et
803 3663 940 3746 geminis
955 3664 1147 3747 psalmorum
1160 3675 1332 3748 concrepet
1346 3661 1419 3741 oda,

578 3766 760 3847 Hymnistae
776 3766 886 3829 crebro
902 3786 966 3827 vox
981 3764 1146 3828 articulata
1161 3767 1298 3844 resultet,

575 3868 620 3930 Et
634 3869 755 3931 celsum
771 3866 895 3950 quatiat
910 3866 1050 3932 clamoso
1065 3867 1206 3930 carmine
1221 3869 1359 3931 culmen.

576 3968 701 4033 Fratres
716 3968 869 4032 concordi
884 3968 1052 4031 laudemus
1067 3990 1146 4031 voce
1162 3979 1336 4048 tonantem,

577 4070 736 4134 Cautibus
751 4082 782 4132 et
796 4069 915 4133 crebris
931 4072 1112 4133 conclamet
1129 4071 1222 4133 turba
1236 4091 1389 4134 sororum.

576 4172 727 4253 Hymnus
742 4192 779 4234 ac
795 4170 937 4253 psalmos
953 4179 986 4233 et
998 4170 1201 4254 responsoria
1215 4171 1303 4235 festis

577 4273 729 4355 Congum
743 4292 927 4356 promamus
943 4273 1052 4336 subter
1065 4272 1225 4336 testudine
1241 4272 1364 4357 templi,

578 4374 721 4438 Psalterii
737 4374 838 4437 melos
853 4374 956 4437 santes
971 4375 1189 4438 modulamine
1204 4376 1327 4452 crebro,

578 4478 684 4559 Atque
699 4476 813 4539 decem
829 4474 947 4539 fidibus
963 4477 1101 4540 nitamur
1114 4474 1244 4539 tendere
1259 4477 1373 4558 lyram,

581 4577 625 4639 Ut
639 4573 808 4637 Psalmista
823 4586 931 4637 monet
946 4578 997 4640 bis
1012 4576 1119 4659 quinis
1134 4578 1269 4659 psallere
1284 4577 1383 4641 tibris.
