3759 5425
600 738 1078 788 osmuntausvraorurrarrs.
1326 727 1364 785 ll

321 885 468 952 fundibali
495 889 710 974 circumgirat,
731 894 818 960 rudis
839 915 1007 979 possessor
1024 893 1139 958 buccis
1161 893 1368 957 ambronibus

321 997 348 1048 et
365 989 460 1052 labris
481 991 671 1056 lurconibus
693 996 823 1060 vetitam
846 996 1021 1078 degustans
1042 993 1237 1074 alimoniam,
1257 995 1291 1057 in
1312 1015 1367 1077 ga·

323 1093 495 1174 strimargiae
505 1097 688 1177 voraginem
701 1099 875 1164 crudeliter
889 1098 1071 1177 cecidisset,
1081 1098 1170 1180 quod
1181 1097 1210 1161 si
1220 1099 1369 1178 angelica

322 1212 520 1275 supernorum
548 1199 667 1263 civium
692 1202 851 1266 celsitudo
877 1202 1025 1265 elationis
1047 1210 1171 1264 tanturn
1193 1199 1368 1283 supercilio

324 1303 495 1376 turgescens
518 1300 614 1363 beato
636 1315 823 1367 caeterorum
846 1303 1068 1380 contubernio,
1082 1311 1116 1364 et
1133 1300 1269 1364 Deificae
1288 1321 1367 1364 con·

323 1398 528 1479 temptationis
542 1401 715 1487 participio
731 1405 924 1486 privabatur,
940 1413 1061 1486 quanto
1076 1400 1178 1483 magis
1193 1400 1369 1482 gracillima

324 1501 493 1562 mortalium
509 1502 673 1582 fragilitas,
686 1503 714 1567 si
728 1503 769 1568 de
784 1505 919 1589 propriis
933 1505 1117 1567 meritorum
1133 1501 1367 1580 emolumentis,

323 1609 353 1658 ut
365 1594 471 1662 inflata
484 1602 592 1666 vesica
610 1603 806 1678 intumuerit,
822 1613 854 1666 et
869 1602 908 1666 de
924 1602 1082 1684 Virginali
1102 1602 1292 1666 castimonia
1310 1601 1366 1666 de·

324 1717 440 1780 carpere
470 1703 564 1785 quasi
594 1705 727 1786 speciali
757 1704 971 1768 sanctimonia
994 1705 1207 1781 rumusculos,
1230 1704 1366 1786 gingivis

324 1798 463 1876 &titilus
488 1804 634 1886 coeperit,
660 1827 681 1868 a
706 1805 847 1870 coelestis
877 1806 988 1889 sponsi
1014 1805 1153 1868 triclinio
1182 1805 1368 1869 insoeliciter

323 1899 518 1966 fraudabitur.
564 1905 693 1970 Idcirco
709 1905 1042 1996 VirginibusUChristi,
1057 1916 1091 1969 et
1105 1905 1284 1988 tyrunculis
1299 1907 1365 1970 Ec·

323 2003 416 2070 clesiae
432 2019 545 2071 canna
559 2008 750 2073 horrendam
764 2011 924 2095 superbiae
935 2011 1071 2074 bestiam
1084 2009 1244 2092 simulque
1257 2021 1367 2074 contra

322 2103 372 2170 hus
392 2109 620 2173 vimlentonun
647 2125 798 2194 septenas
820 2113 967 2176 uitiomm
993 2113 1130 2190 belluas,
1151 2131 1225 2193 quae
1246 2111 1367 2175 rabidis

322 2208 485 2272 molaribus
500 2222 533 2272 et
547 2212 717 2275 venenosis
732 2213 880 2295 gingivis,
891 2215 1030 2276 inermes
1044 2233 1190 2296 quosque
1207 2234 1244 2276 ac
1260 2213 1366 2296 Virgi-

322 2307 419 2372 uitatis
432 2311 535 2373 lorica
549 2313 703 2395 spoliatos
716 2314 948 2400 pudicitiaeque
967 2335 1078 2397 parrua
1091 2325 1206 2378 exutos
1219 2316 1366 2379 atrociter

323 2408 491 2495 discerpere
512 2413 669 2490 nituntur,
689 2415 857 2479 lacertosis
876 2415 998 2478 viribus
1018 2415 1239 2479 dimicandum
1258 2424 1317 2493 est,
1333 2428 1367 2480 et

322 2513 405 2592 quasi
432 2512 585 2577 adversus
615 2516 827 2580 ferocissimas
865 2518 1071 2580 barbaromm
1107 2515 1263 2598 legiones,
1292 2537 1366 2600 quar

322 2613 532 2696 manipulatim
555 2626 703 2698 tyronum
724 2618 845 2682 Christi
867 2619 1062 2682 testudinem
1082 2618 1223 2680 strofosae
1244 2616 1367 2681 haudis

321 2712 427 2781 balista
441 2730 572 2802 quatere
586 2740 654 2783 non
668 2732 804 2800 cessant,
816 2722 992 2805 spiritualis
1006 2727 1172 2783 armaturae
1186 2718 1320 2802 spiculis
1334 2728 1368 2781 et

322 2814 434 2883 terratis
444 2821 594 2885 virtutum
608 2823 777 2886 venabulis
791 2825 913 2887 naviter
928 2818 1127 2897 certandum,
1136 2840 1174 2883 ac
1183 2820 1367 2882 nullatenus

322 2916 495 2985 timidorum
511 2944 599 2987 more
614 2924 751 2988 militum
767 2926 927 2989 horrorem
945 2924 1020 2988 belli
1035 2934 1067 2987 et
1081 2922 1226 2986 classicae
1241 2922 1365 3005 salpitae

323 3019 507 3085 muliebriter
529 3026 753 3103 metuentium,
776 3026 960 3090 saevissimis
985 3025 1134 3089 hostibus
1163 3025 1366 3109 scapularum

304 3136 306 3141 '
322 3130 401 3203 terga
414 3144 471 3206 pro
486 3137 650 3189 scutorum
666 3128 863 3191 umbonibus
878 3127 1019 3209 segniter
1032 3128 1244 3210 praebeamus.
1276 3126 1364 3198 Quin

322 3223 422 3303 potius
442 3228 632 3291 coenobialis
659 3228 781 3292 militiae
807 3229 935 3312 pugiles
957 3230 1094 3291 frontem
1117 3230 1237 3293 vexillo
1262 3228 1366 3291 crucis

322 3338 463 3391 amatam
492 3328 647 3394 audacter
683 3332 870 3396 amulorum
906 3331 1089 3414 agminibus
1125 3334 1304 3408 offerentes,
1333 3338 1367 3391 et

322 3446 471 3493 armorum
484 3430 695 3495 instrumenta
714 3432 845 3510 bellica,
861 3454 931 3517 quae
951 3444 1110 3516 pugnator
1123 3432 1273 3514 egregius
1286 3451 1364 3494 enu-

322 3542 422 3607 merat,
447 3531 510 3595 hoc
537 3542 595 3609 est,
619 3532 721 3595 divini
747 3533 929 3597 macheram
954 3535 1042 3596 uerbi
1068 3541 1102 3615 et
1124 3533 1258 3598 loricam
1287 3530 1367 3594 fidei

323 3626 579 3710 inextricabilem,
595 3654 669 3697 cum
684 3642 752 3697 tuta
765 3634 853 3717 pelta
867 3634 1005 3715 protecti
1024 3644 1137 3697 contra
1155 3633 1366 3717 spiritualium

323 3736 529 3819 nequitiarum
551 3737 639 3799 mille
661 3736 802 3800 nocendi
824 3746 906 3800 artes
927 3736 1133 3819 pertinaciter
1153 3744 1328 3817 portantes,
1347 3754 1367 3796 a

323 3833 443 3901 Christo
462 3848 698 3901 remuneratore
717 3846 826 3901 nostro
847 3834 993 3899 debitum
1008 3834 1149 3898 victoriae
1169 3833 1366 3916 triumphum

323 3941 495 4022 percepturi
507 3940 540 4001 in
553 3940 701 4023 supernis
710 3938 841 4003 sedibus
852 3948 885 4001 et
896 3937 1021 4003 coelesti
1030 3936 1130 4021 gloria
1141 3938 1366 4020 gratulabundi

323 4038 461 4106 soeliciter
475 4056 552 4106 tunc
569 4042 827 4125 tripudiabimus,
844 4041 871 4104 si
885 4062 973 4105 nunc
995 4042 1147 4105 adversus
1169 4041 1367 4126 principatus

322 4139 476 4207 leviathan
491 4154 524 4208 et
538 4154 712 4228 potestates
731 4146 934 4207 tenebrarum
956 4144 1131 4227 mundique
1147 4154 1287 4207 rectores
1306 4167 1366 4209 ceu

323 4240 483 4308 bellatores
504 4246 671 4309 Dominici
690 4244 894 4329 pertinaciter
915 4244 1134 4329 pertinacibus
1151 4255 1366 4327 repugnantes

323 4342 462 4411 intrante
478 4347 580 4411 duelli
594 4348 715 4411 sortiter
728 4346 925 4411 dimicemus.

360 4448 438 4513 XII.
459 4450 622 4530 Primitus,
636 4462 673 4515 ut
687 4451 768 4523 dixi,
783 4449 1010 4535 principalium
1023 4448 1074 4513 bis
1089 4460 1261 4532 quaternos
1275 4452 1365 4515 vitio-

323 4568 386 4614 mm
401 4551 511 4632 duces,
527 4554 646 4639 quibus
665 4554 786 4619 cerethi
802 4553 974 4631 ,criminum
993 4563 1027 4617 et
1044 4553 1169 4618 Pelethi
1188 4554 1365 4619 facinorum
