3759 5425
766 735 808 780 DE
825 735 992 782 muninus
1007 735 1189 782 vtaelrtota

541 883 682 950 Plurima
697 889 828 952 sacratis
842 891 1031 973 promittens
1046 889 1131 954 dona
1146 891 1284 974 puellis:

541 985 575 1050 Si
590 990 723 1054 mallent
737 1011 848 1054 omnes
863 1001 1029 1056 consortes
1043 1011 1114 1054 esse
1129 1011 1298 1075 procorum

540 1088 708 1153 Nobilium
723 1091 859 1174 pulchra
873 1091 1043 1173 fungentes
1058 1090 1134 1154 dote
1149 1092 1296 1155 virorum.

539 1189 576 1254 Si
591 1210 665 1252 vero
680 1192 803 1253 nollent
815 1191 910 1253 ritum
926 1191 1088 1273 complere
1097 1190 1252 1274 jugalem,

539 1292 623 1354 Mox
638 1301 795 1355 tormenta
802 1291 897 1375 jubet
911 1301 1039 1355 sanctas
1053 1293 1190 1375 perferre
1206 1291 1343 1373 puellas,

540 1392 661 1457 Lurida
674 1414 823 1476 passuras
838 1394 955 1458 strictis
971 1395 1131 1475 ergastula
1146 1393 1302 1470 claustris,

542 1493 583 1556 In
599 1493 718 1579 quibus
732 1496 859 1576 exiguae
874 1505 1025 1578 caperent
1038 1494 1211 1558 nutrimina
1225 1503 1350 1558 crustae.

541 1592 605 1656 Sed
620 1605 728 1658 umen
742 1595 886 1657 insontes
901 1595 976 1657 felix
993 1595 1163 1658 Anastasia
1177 1614 1299 1672 vernas,

538 1694 673 1756 Poscere
687 1714 753 1755 non
768 1703 874 1756 cesset
888 1696 1037 1777 praebens
1052 1695 1203 1758 alimenta
1217 1694 1361 1770 misellis,
1379 1703 1382 1710 '

541 1795 685 1877 Quaque
700 1794 815 1878 stipem
830 1807 992 1879 quastus:
1016 1796 1109 1860 simul
1125 1807 1157 1860 et
1170 1796 1361 1880 patrimonia
1375 1815 1465 1876 gaesa

539 1895 736 1978 Martyribus
751 1895 885 1970 confert,
900 1897 1012 1960 mortis
1027 1896 1214 1960 discrimina
1227 1897 1350 1980 passis:

539 1996 633 2058 lilius
647 1995 767 2060 idcireo
783 1996 948 2079 divulgant
962 2000 1081 2063 saecula
1094 1999 1222 2072 famam,

538 2097 585 2160 Et
598 2115 706 2159 rumor
718 2096 823 2160 laudis
837 2119 955 2182 perpes
970 2100 1143 2163 crebrescit
1152 2101 1186 2162 in
1202 2119 1317 2175 aevum,

539 2199 620 2270 Quae
634 2207 818 2279 contempta
834 2199 883 2260 sui
899 2201 1018 2282 sprevit
1032 2200 1222 2283 patrimonia
1237 2200 1359 2283 sponsi,

537 2301 582 2364 Et
597 2299 742 2384 sequitur
757 2300 934 2363 Dominum
950 2303 1097 2383 neglecta
1112 2308 1196 2364 sorte
1211 2299 1326 2364 mariti.

539 2401 676 2465 Pertulit
689 2399 812 2464 idcirco
827 2423 941 2485 poenas
956 2413 1101 2466 matrona
1115 2411 1272 2477 cruentas,

540 2504 629 2575 Quas
643 2523 730 2566 nunc
745 2503 779 2564 in
794 2503 915 2565 chartis
927 2501 1088 2566 biblorum
1105 2501 1222 2584 digerit
1232 2501 1322 2577 ordo,

537 2606 583 2668 Et
595 2606 713 2686 legitur
726 2604 805 2668 felix
820 2603 989 2687 descriptis
1004 2605 1113 2688 passio
1129 2603 1271 2682 schedis,

538 2708 657 2771 Annua
671 2706 747 2771 dnm
763 2707 897 2772 redeunt
911 2706 1112 2771 celebrandis
1127 2718 1271 2790 tempora
1287 2706 1383 2771 festis.

538 2810 689 2893 Denique
703 2809 874 2894 praedictas
889 2830 1039 2891 germana
1052 2820 1159 2873 mente
1174 2830 1306 2885 sorores,

536 2910 608 2973 Diri
624 2919 758 2974 tortores
773 2909 894 2973 ducunt
909 2932 927 2973 e
944 2931 1070 2975 carcere
1086 2932 1188 2985 coeco,

541 3011 629 3082 Quas
644 3010 739 3073 simul
753 3008 914 3093 aspiciens
927 3010 1075 3073 formosis
1090 3010 1240 3087 vultibus,
1255 3021 1345 3073 atrox

536 3112 659 3178 Praeses
674 3111 838 3175 Dulcitius
852 3132 968 3196 spurco
984 3110 1191 3175 succenditur
1203 3112 1289 3193 igne,

535 3213 686 3277 Luxuriae
701 3210 837 3274 stimulis
852 3231 943 3274 coeco
958 3219 1121 3294 correptus
1137 3232 1254 3275 amore.

535 3313 678 3378 Plurima
692 3322 769 3375 tuuc
784 3313 894 3395 pellax
910 3313 1093 3396 spondebat
1107 3312 1194 3376 dona
1207 3314 1335 3396 puellis,

535 3416 571 3479 Si
584 3415 717 3477 mallent
729 3413 836 3476 animo
850 3423 963 3476 nutum
977 3414 1137 3495 complere
1152 3412 1335 3476 nefandum.

535 3516 601 3581 Sed
615 3514 751 3578 famulas
766 3513 886 3578 Christi
901 3515 1044 3598 protexit
1058 3532 1168 3596 parma
1183 3514 1325 3598 pudoris,

535 3616 668 3701 Spicula
681 3614 815 3679 luxuriae
830 3626 1018 3699 spernentes
1033 3615 1128 3693 corde
1142 3616 1286 3701 profana.

534 3720 600 3785 Sed
614 3728 771 3781 nocturna
786 3716 877 3801 quies
892 3739 966 3781 cum
981 3719 1082 3782 fessos
1097 3730 1237 3802 occupat
1252 3730 1349 3795 artus,

535 3819 656 3886 Dulcia
670 3818 746 3881 dum
760 3818 887 3881 famulae
902 3818 1097 3882 cecinissent
1110 3819 1252 3883 carmina
1267 3816 1407 3894 Christo,

534 3920 616 3987 Odia
629 3920 829 3983 Psalmorum
845 3914 1011 4001 pulsantes
1027 3919 1108 3982 ostia
1123 3918 1213 3981 eoeli:

533 4020 641 4086 Audet
655 4031 745 4083 atrox
761 4029 916 4097 sanctam,
931 4038 1047 4101 spurco
1063 4018 1242 4082 flammatus
1257 4036 1376 4094 amore,

535 4122 698 4188 Audacter
711 4121 825 4184 cellam
840 4118 967 4182 stolidis
982 4120 1154 4202 irrumpere
1170 4118 1299 4203 plantis.

534 4224 601 4289 Sed
615 4230 785 4305 praestante
801 4220 873 4281 Deo
888 4228 1032 4282 coecatur
1046 4218 1145 4281 corde
1160 4218 1333 4299 malignus,

533 4324 632 4389 Basia
646 4322 776 4388 cacabis
791 4321 869 4385 dum
883 4322 1000 4384 stultns
1015 4317 1149 4383 tradidit
1163 4320 1259 4383 atris:

533 4426 590 4489 Sic
605 4426 677 4488 ollis
691 4424 801 4506 niger;
822 4432 855 4486 et
868 4422 957 4485 furva
971 4421 1129 4501 sartagine
1144 4430 1234 4495 teter,

533 4529 596 4592 Per
608 4536 707 4591 totam
722 4534 849 4588 noctem
864 4544 984 4606 preses
999 4522 1162 4587 deluditur
1175 4542 1296 4602 amens,
