3759 5425
693 769 736 813 nn
753 768 917 814 beurunes
932 767 1114 814 vinorsuu.
1359 770 1363 778 ·
1380 751 1439 812 161*

475 919 555 982 Mox
572 922 703 984 fontana
713 922 808 1005 jubet
823 922 993 986 Narcissus
1007 920 1140 984 flumina
1154 920 1295 1003 lympha
1329 912 1331 922 '

474 1020 593 1086 Fidens
608 1021 641 1083 in
658 1022 845 1098 Dominum,
861 1044 970 1086 sacros
984 1023 1110 1086 haurire
1126 1023 1297 1086 ministros.

473 1124 518 1189 Et
527 1126 688 1208 complere
704 1148 816 1190 carum
833 1147 905 1190 eum
921 1127 1036 1208 glauco
1052 1126 1175 1208 gurgite
1191 1125 1313 1188 vitmm.

474 1225 633 1290 Funditur
647 1228 770 1292 interea
784 1250 842 1310 per
856 1242 989 1293 cunctas
1005 1227 1090 1292 unda
1103 1230 1263 1302 lucernae,

475 1327 528 1390 Sic
544 1330 735 1392 exorcizans
748 1331 885 1412 lychnos
899 1330 1072 1394 benedixit
1086 1349 1235 1414 aquosos.

474 1429 611 1515 Jamque
626 1433 715 1496 latex
729 1434 844 1498 lucens
859 1435 1004 1497 flammas
1018 1433 1173 1515 pascebat
1187 1429 1315 1522 eda-ces,

477 1531 612 1614 Papirus
627 1533 660 1596 in
676 1533 784 1597 medio
799 1535 946 1598 radiabat
958 1533 1080 1598 lumine
1097 1543 1217 1609 centro,

477 1633 601 1698 Clarius
615 1647 648 1699 et
663 1637 765 1699 multo
780 1657 876 1720 qnam
891 1636 993 1698 lomes
1007 1635 1137 1720 pinguis
1151 1634 1236 1711 olivi,

474 1725 638 1801 Aut'certe
652 1740 686 1801 in
701 1739 782 1801 vitro
797 1736 1030 1820 splendescens
1040 1737 1148 1802 arvina
1162 1735 1285 1800 scrofa.

477 1839 560 1902 Mox
576 1840 662 1922 vulgi
677 1861 799 1904 cuneus
813 1860 950 1903 cernens
964 1840 1118 1903 miracula
1132 1859 1246 1916 rernm,

478 1940 517 2002 ln
533 1961 703 2006 commune
718 1940 793 2006 Deo
809 1953 923 2024 grates,
937 1941 1113 2026 laudesque
1128 1942 1316 2025 frequentat.

478 2041 554 2105 Non
569 2043 643 2106 tulit
655 2043 739 2107 banc
754 2041 893 2107 faustam
908 2055 1069 2123 grassator
1081 2064 1223 2107 crescere
1236 2044 1370 2108 famam:

477 2143 541 2215 Qui
555 2164 658 2225 genus
670 2145 848 2210 humanum
862 2147 1001 2230 strophis
1015 2145 1134 2210 elidere
1148 2157 1257 2218 certat.

478 2245 661 2312 Concilium
677 2249 832 2329 glomerat
846 2268 921 2312 cum
934 2249 1019 2312 trino
1034 2257 1113 2313 teste
1128 2247 1315 2329 nefandum,

478 2347 541 2419 Qui
557 2350 663 2412 scelus
675 2349 868 2413 horrendum
884 2350 1081 2414 concinnant
1095 2350 1227 2414 crimine
1242 2350 1335 2430 salso,

478 2449 628 2514 Praesulis
643 2460 679 2513 ut
692 2451 807 2514 famam
824 2451 981 2533 serpentis
996 2450 1091 2514 dente
1104 2452 1276 2529 lacessant,

477 2551 582 2633 Atque
598 2560 753 2614 venenata
764 2562 912 2615 sanctum
927 2571 1002 2614 cum
1018 2549 1127 2614 fraude
1141 2550 1307 2632 sugillent:

479 2650 507 2712 E
524 2670 659 2735 quornm
673 2671 806 2715 numero
821 2650 1000 2735 procedens
1014 2651 1160 2735 primitus
1175 2670 1268 2727 unus,

478 2752 631 2824 Quamvis
640 2752 773 2836 juraret,
787 2752 904 2837 pellaci
919 2750 1030 2815 fraude
1045 2750 1167 2814 fefellit.

479 2853 613 2936 Ignibus
624 2854 674 2917 sic
689 2853 776 2927 atris,
793 2865 825 2916 et
838 2852 976 2917 flammis
990 2852 1098 2915 fomite
1113 2852 1204 2917 farsis

478 2952 678 3037 conflagrem
694 2955 832 3036 penitus,
848 2955 875 3017 si
891 2954 958 3017 latu
974 2952 1086 3017 frivola
1099 2951 1230 3035 fingam.

479 3056 567 3119 Alter
581 3056 795 3138 subsequitur,
810 3054 1010 3138 strophosam
1026 3054 1105 3117 serre
1119 3056 1297 3138 querelam:

480 3155 600 3221 Taliter
614 3154 657 3219 ad
671 3165 793 3220 turmas
803 3154 876 3218 infit
890 3175 965 3218 cum
981 3176 1060 3219 roca
1076 3154 1225 3238 procaci:

479 3256 532 3321 Sic
548 3278 621 3321 mea
634 3279 702 3321 non
716 3269 850 3343 pereant
863 3258 964 3340 regali
980 3278 1115 3341 corpora
1130 3260 1255 3338 morbo,

479 3358 573 3430 Quod
589 3380 682 3423 veros
696 3359 814 3443 promit
822 3358 936 3442 jurans
951 3360 1110 3423 sententia
1125 3360 1219 3424 satus.

481 3462 610 3525 Tertius
624 3470 674 3525 ast
688 3461 777 3525 testis
789 3461 911 3543 profert
926 3481 945 3523 e
959 3470 1088 3543 pectore
1104 3472 1246 3543 questus,

483 3562 526 3625 Et
534 3562 709 3648 juramenti
724 3560 856 3625 nodosis
870 3560 975 3624 vincla
990 3562 1113 3624 catenis

481 3663 603 3727 Nititur
615 3661 804 3745 imprudens
819 3661 921 3725 verbis
936 3660 1152 3742 constringere
1169 3660 1268 3725 salsis.

481 3765 534 3828 Sic
549 3786 623 3829 mea
635 3784 702 3826 non
717 3761 858 3825 tenebris
873 3761 1056 3843 nigrescant
1069 3761 1193 3823 lumina
1207 3760 1317 3838 furvis,

481 3866 661 3929 Glaucoma
675 3884 735 3927 nec
750 3862 881 3947 penitus
895 3862 1004 3944 lippos
1020 3859 1184 3924 suffundat
1198 3861 1331 3938 ocellos,

482 3966 634 4031 Adsertor
647 3983 746 4027 verax
761 3962 790 4027 si
805 3962 925 4042 fingam
940 3962 1061 4024 lamina
1074 3961 1162 4025 salsa.

481 4067 652 4151 Propterea
665 4064 798 4128 exilium
813 4062 914 4125 voluit
926 4061 1063 4145 perferre
1078 4060 1238 4139 sacerdos,

482 4166 616 4232 Invidiae
631 4168 788 4230 maculam
804 4164 929 4246 lugiens
944 4162 1085 4229 declinat
1098 4162 1253 4246 iniquam.

480 4268 534 4332 Sic
549 4279 640 4352 pater
653 4267 686 4329 in
701 4267 785 4330 saltu
799 4265 896 4329 fertur
909 4264 1029 4327 vixisse
1043 4270 1182 4327 remotus
1337 4332 1341 4341 ¹

483 4369 758 4452 contemplativos
773 4386 910 4450 carpens
925 4366 1104 4429 submonte
1120 4358 1289 4449 maniplos,

483 4471 574 4534 Dum.
586 4466 673 4532 solus
688 4468 747 4532 soli
764 4467 892 4532 Christo
908 4466 1088 4529 famularier
1102 4475 1203 4550 optat,

482 4570 623 4636 Lubrica
637 4568 776 4633 fallentis
792 4569 990 4633 conculcans
1006 4567 1122 4650 gaudia
1137 4568 1233 4633 saecli.
1252 4584 1254 4589 ’

915 4684 941 4729 u
