3759 5425
657 698 810 746 errsrom
827 701 869 747 so
887 700 1062 762 soracum,
1079 700 1151 747 erc.
1367 686 1431 744 259

557 826 562 839 '
653 856 702 915 ιο.
727 851 933 933 nomme
947 854 998 915 ver
1013 853 1157 933 maaca.

463 956 519 1019 Me
536 964 625 1020 terrae
642 956 780 1039 gremius
795 956 953 1021 formabat
966 955 1114 1040 primitus
1129 965 1205 1031 arte,

464 1056 602 1120 Materia
616 1058 761 1121 trucibus
775 1057 933 1141 processit
948 1067 1065 1120 caetera
1079 1054 1189 1132 tauris,

462 1157 527 1220 Aut
541 1157 650 1239 potius
664 1158 787 1242 putidis
802 1166 928 1221 constat
941 1157 1095 1221 fabricata
1109 1155 1250 1239 capellis.

464 1256 549 1320 Nam
565 1256 679 1322 domus
693 1270 742 1322 est
757 1269 940 1323 constructa
955 1259 1034 1321 mihi
1050 1258 1091 1321 de
1106 1271 1230 1339 tergore
1244 1265 1344 1332 secto,

463 1356 534 1421 Nec
549 1379 615 1422 non
631 1370 663 1422 et
677 1360 796 1423 tabulis
811 1380 891 1442 quas
906 1358 1035 1423 findunt
1050 1358 1158 1443 stipite
1172 1357 1260 1421 rasis.

461 1458 524 1520 Per
537 1481 588 1523 me
603 1460 773 1523 multorum
789 1458 982 1525 clauduntur
995 1460 1118 1523 lumina
1132 1459 1232 1536 letho,

460 1557 525 1630 Qui
540 1558 663 1623 domini
678 1560 786 1625 nudus
800 1562 886 1624 nitor
900 1561 1074 1625 defendere
1088 1560 1195 1623 vitam.

540 1664 588 1723 ll.
613 1660 666 1723 Do
681 1660 880 1740 Fenesaluco
893 1664 961 1724 sive
977 1662 1080 1725 urta
1096 1662 1268 1743 Aqrrutr‘ca.

464 1761 515 1824 De
530 1761 658 1825 madido
672 1784 790 1827 nascor
803 1764 986 1829 rorantibus
1001 1765 1117 1827 aethere
1132 1764 1233 1846 guttis

462 1859 616 1945 Turgida‚
632 1884 843 1928 concrescens
857 1865 984 1949 liquido
1000 1865 1041 1928 de
1055 1865 1187 1929 flumine
1202 1866 1295 1947 lapsu
1307 1885 1315 1939 ;

465 1960 531 2026 Sed
546 1984 598 2026 me
612 1966 701 2028 nulla
715 1966 798 2029 valet
813 1986 927 2029 manus
941 1967 1009 2030 udo
1023 1967 1148 2048 gurgite
1161 1975 1294 2030 nantem

463 2064 619 2146 Tangere,
635 2066 668 2128 ni
684 2068 791 2131 statim
805 2079 993 2151 rumpantur
1006 2068 1130 2131 viscera
1146 2076 1234 2132 tactu

463 2165 509 2227 Et
523 2166 651 2247 fragiles
665 2168 771 2231 tenuis
786 2169 881 2232 flatus
895 2169 1042 2233 discedat
1054 2171 1088 2232 in
1104 2190 1205 2233 auras.

460 2266 542 2329 Ante
558 2268 744 2332 catervatim
759 2290 816 2353 per
830 2270 978 2354 lymphas
993 2270 1078 2334 duco
1093 2271 1241 2334 cohortes

458 2365 544 2431 Dum
558 2370 666 2452 plures
681 2378 749 2433 orta
763 2372 897 2435 comites
911 2373 1078 2455 potiuntur
1091 2370 1215 2433 eodem.

778 2476 825 2535 12.
850 2470 902 2534 De
916 2471 1020 2534 Motu.

461 2569 531 2633 Nos
545 2592 654 2636 sumus
669 2572 809 2656 aequales
825 2572 990 2635 communi
1005 2583 1089 2635 sorte
1104 2592 1237 2650 sorores,

461 2670 542 2744 Quae
557 2671 671 2738 damus
687 2694 729 2738 ex
743 2682 853 2736 nostro
869 2673 994 2738 cunctis
1009 2674 1162 2738 alimenta
1175 2673 1304 2738 labore:

459 2771 522 2837 Par
535 2774 627 2838 labor
640 2776 815 2854 ambarum,
831 2774 940 2859 dispar
954 2776 1081 2840 fortuna
1095 2774 1247 2852 duarum3

462 2874 570 2938 Altera
584 2895 658 2938 nam
675 2875 783 2953 currit,
799 2875 885 2960 quod
901 2897 1068 2960 nunquam
1083 2877 1181 2940 altera
1196 2875 1306 2957 gessit,

459 2975 530 3039 Nec
545 2983 653 3039 tamon
668 2974 798 3040 invidiae
813 2977 951 3041 stimulis
966 2978 1125 3060 agitamur
1138 2977 1270 3042 acerbis.

460 3075 604 3159 Utraque
620 3076 707 3161 quod
721 3077 855 3157 mandit,
870 3079 959 3163 quod
973 3080 1113 3144 ruminat
1126 3101 1181 3144 ore
1195 3077 1329 3162 patenti,

460 3175 689 3242 Comminuens
703 3177 811 3242 reddit
824 3179 983 3245 famulans
998 3182 1067 3245 sine
1083 3179 1191 3245 fraude
1205 3178 1355 3260 maligna.

627 3283 676 3343 13.
703 3280 755 3344 De
771 3279 886 3362 spelte
901 3281 981 3356 (noc
999 3281 1165 3361 Torcellu.)

460 3379 513 3442 De
527 3380 618 3444 terris
633 3379 716 3443 orior
732 3381 884 3444 candenti
899 3402 1034 3464 corpore
1050 3381 1154 3465 spelta

458 3479 503 3544 Et
516 3481 591 3544 nive
606 3481 768 3559 foecunda,
783 3482 922 3545 Vulcani
937 3494 1019 3545 torre
1033 3482 1208 3563 rigescens,

460 3579 571 3646 Carior
585 3592 618 3646 et
631 3583 732 3646 multo
748 3603 844 3667 quam
859 3591 975 3646 caetera
989 3592 1082 3645 scuta
1096 3579 1206 3657 duelli,

457 3683 528 3748 Nec
542 3693 650 3748 tamen
665 3683 699 3746 iu
714 3681 822 3747 medio
836 3683 945 3767 clypei
959 3690 1023 3746 stat
1035 3682 1153 3746 ferreus
1168 3681 1279 3745 umbo.

456 3785 513 3849 Me
527 3785 598 3848 sine
613 3784 693 3870 quid
707 3783 839 3868 prodest
854 3784 996 3848 dirorum
1010 3803 1122 3868 parma
1135 3778 1295 3845 virorum?

456 3887 520 3950 Vix
536 3897 621 3952 artus
635 3887 816 3971 animaeque
832 3895 977 3950 carerent
989 3884 1115 3949 tramite
1129 3883 1250 3960 mortis,

456 3989 500 4051 Ni
514 3988 620 4053 forsan
635 3988 750 4053 validis
764 3988 934 4070 refragarer
948 3986 1068 4050 viribus
1083 3987 1179 4050 Orco.

779 4095 827 4152 14.
852 4085 1018 4164 Desonte.

457 4193 519 4256 Per
534 4213 614 4256 cava
627 4192 749 4256 telluris
765 4192 847 4255 clam
862 4210 957 4272 serpo
972 4188 1157 4252 celerrimus
1170 4197 1260 4251 antra

455 4293 573 4358 Flexos
589 4313 738 4358 venarum
755 4311 872 4375 gyrans
886 4290 1090 4384 amfractilgus
1105 4291 1215 4353 orbes:

453 4393 535 4457 Cum
551 4414 675 4458 caream
692 4394 766 4470 vita,
782 4411 878 4454 sensu
893 4409 1023 4473 quoque
1037 4389 1180 4453 funditus
1195 4409 1321 4472 expers,

453 4495 534 4568 Quis
549 4517 701 4560 numerus
715 4494 833 4579 capiat,
848 4494 896 4556 vel
912 4491 985 4576 quis
998 4492 1173 4557 laterculus
1188 4502 1295 4576 aequet

871 4613 887 4656 s
902 4601 921 4656 2
