3759 5425
457 671 518 731 las
607 683 851 743 rnaorruurnu,
866 682 910 727 nr
925 681 1087 742 vrnnrun,
1104 683 1147 726 ns
1164 681 1222 726 nis
1236 675 1372 727 ronrcu.

545 836 789 920 infaustumque
803 857 934 919 gemens
948 843 1078 900 resonat
1091 835 1252 917 vagitibus
1267 828 1364 895 orbis.

543 937 639 1003 Tunc
654 939 748 1002 variae
763 949 876 1022 gentes
889 939 1024 1002 veniunt
1038 935 1079 1000 de
1094 935 1226 1000 sedibus
1239 932 1325 1008 imis,

544 1038 701 1105 Rusticus
714 1055 748 1106 et
761 1042 865 1117 miles,
879 1042 985 1124 posito
1001 1038 1183 1104 diademate
1197 1057 1298 1119 reges,

546 1143 691 1227 Paupero
706 1143 902 1206 commixtus
916 1143 1034 1226 aequali
1047 1141 1082 1204 in
1097 1141 1224 1222 agmina
1239 1137 1339 1202 dives.

545 1245 640 1308 Altus
653 1246 774 1328 ubique
789 1255 906 1308 tremor
918 1243 1072 1328 precibus
1087 1263 1173 1306 nunc
1188 1241 1331 1320 ingemet
1346 1233 1449 1309 orbis,

546 1343 795 1429 Tendentesque
810 1365 922 1408 manus
935 1343 1050 1428 populi
1064 1344 1203 1406 clamore
1218 1347 1391 1402 morantur.

548 1447 625 1529 Ipse
640 1446 756 1510 sedens
770 1447 931 1509 Dominus
945 1447 1065 1509 eminet
1075 1444 1196 1510 lumine
1212 1443 1329 1516 clarus,

545 1548 591 1612 Et
605 1559 777 1632 prepotens
791 1547 915 1612 cunctis
928 1547 1027 1611 micat
1040 1545 1075 1608 in
1091 1543 1259 1606 virtutibus
1272 1540 1371 1623 iguis,

547 1647 756 1730 Excelsoque
771 1648 885 1711 throno
901 1647 1022 1712 caelesti
1038 1645 1113 1710 sede
1128 1654 1286 1717 coruscat,

549 1749 745 1832 Martyribus
760 1759 882 1832 septus,
895 1769 1030 1812 numero
1045 1745 1202 1810 candente
1217 1744 1367 1818 virorum,

549 1850 751 1934 Dilectisque
766 1851 835 1915 suis
849 1851 1020 1914 comitatus
1035 1848 1165 1912 natibus
1181 1856 1278 1910 extat

551 1949 647 2016 Clara
658 1951 777 2035 quibus
791 1951 894 2016 niveis
907 1951 1064 2032 effulgent
1078 1961 1221 2033 tempora
1236 1946 1350 2010 taeniis·

551 2053 689 2137 Jamque
704 2052 886 2117 sacerdotes
898 2052 1012 2116 nitidis
1026 2053 1061 2114 in
1077 2050 1219 2116 vestibus
1235 2047 1363 2123 adsunt,

551 2153 724 2218 Gestantes
737 2155 869 2233 rutilant
882 2152 1049 2237 premialia
1064 2153 1170 2216 vincla
1185 2149 1313 2214 coronis

544 2255 785 2341 Submissaeque
798 2277 910 2320 omnes
924 2256 1061 2338 genibus
1077 2301 1183 2318 .....
1200 2251 1345 2327 adorant,

551 2357 712 2442 Solusque
724 2357 816 2440 agius
827 2369 1019 2442 sanctusque
1032 2357 1133 2431 Deus,
1145 2376 1209 2418 vox
1219 2351 1370 2416 omnibus
1381 2369 1447 2413 una
1455 2357 1515 2424 est,

555 2459 753 2545 AEtemaque
767 2459 838 2523 dies
852 2469 949 2542 atque
965 2457 1164 2522 immutabile
1179 2467 1320 2538 tempus,

555 2558 630 2623 Lux
643 2560 701 2625 ubi
716 2561 804 2625 clara
816 2561 914 2638 lucet,
929 2559 1030 2643 spirat
1045 2559 1301 2634 salubriorem,

555 2661 601 2725 Et
615 2672 738 2728 secreta
752 2663 824 2726 Deo
839 2661 926 2745 regio
943 2659 1101 2725 ditissima
1114 2657 1250 2743 campis,

559 2766 725 2846 Beataque
740 2764 836 2827 nimis
851 2783 964 2827 sereno
979 2762 1012 2825 in
1027 2761 1156 2826 cardine
1171 2760 1257 2825 sedis

556 2866 691 2949 Semper
704 2864 840 2942 victura,
854 2885 1044 2949 semperque
1060 2863 1095 2925 in
1109 2866 1181 2928 luce
1196 2862 1301 2926 firtura

555 2967 669 3043 Lucet,
684 2976 717 3028 et
731 2966 877 3049 aspirans
891 2966 981 3029 vitali
997 2964 1126 3031 flamine
1141 2976 1264 3043 veutuS,

557 3065 793 3147 Omniferaeque
808 3066 877 3129 solo
892 3066 1059 3150 praedivite
1083 3110 1216 3130 ......

554 3167 668 3230 Floras
682 3165 815 3229 vibratis
830 3169 1008 3249 conflagrat
1021 3188 1164 3253 purpura
1177 3167 1286 3251 pratis.

556 3268 624 3332 Hic
640 3267 724 3332 rosei
738 3268 832 3333 nivea
846 3270 1008 3334 variamur
1023 3271 1251 3348 seminatoris

555 3372 622 3435 Aut
634 3370 734 3434 roseis
749 3370 845 3435 nivea
858 3371 1038 3456 crispantur
1052 3373 1184 3436 floribus
1199 3392 1283 3436 aura.

556 3472 678 3536 Nescia
691 3472 748 3535 illa
761 3472 881 3553 quibus
895 3482 1064 3537 suavescat
1076 3472 1241 3557 pulchrior
1255 3472 1339 3553 alga,

557 3576 624 3639 Aut
639 3575 758 3660 quibus
773 3574 900 3638 aetheris
914 3574 1034 3659 aspirat
1048 3576 1173 3639 mollior
1188 3595 1276 3652 aura,

560 3678 639 3751 Quis
654 3676 767 3739 melior
780 3676 900 3760 specie,
915 3685 970 3740 aut
984 3677 1056 3762 quis
1072 3677 1235 3761 praecellat
1249 3676 1380 3739 honore.

559 3779 737 3862 Nunquam
752 3775 907 3856 florigeris
922 3776 1043 3841 similes
1057 3788 1235 3841 nascuntur
1248 3776 1281 3839 in
1295 3776 1412 3852 hortis;

559 3880 645 3942 Lilia
658 3899 720 3941 nec
735 3876 851 3940 nostris
866 3877 1042 3941 floruerunt
1055 3878 1134 3941 talia
1149 3876 1282 3960 campis,

561 3980 632 4045 Nec
647 3990 758 4044 notata
771 3979 865 4042 rubet
879 3998 958 4040 mox
972 3988 1008 4042 ut
1022 3998 1094 4043 rosa
1108 3977 1258 4063 panditur
1273 3978 1358 4055 alba,

558 4084 706 4167 Purpura
719 4102 781 4145 nec
797 4082 845 4146 sio
860 4081 907 4145 esi
921 4081 1021 4165 Tyrio
1037 4090 1194 4146 concocta
1208 4082 1335 4161 rubore,

560 4187 699 4250 Gemma
713 4184 864 4249 coloratis
877 4183 978 4265 firlget
991 4184 1141 4267 speciosa
1155 4183 1273 4269 lapillis

559 4287 712 4351 Prasinus
726 4284 802 4349 inde
817 4285 907 4364 nitet,
921 4284 1012 4348 illinc
1027 4285 1243 4349 carbunculus
1257 4282 1361 4347 ardet:

562 4386 821 4471 Smaragdusque
835 4386 918 4470 lapis
933 4385 1093 4450 micantea
1106 4387 1229 4450 lumina
1243 4383 1358 4449 fundit.

562 4488 630 4552 Hic
645 4496 678 4549 et
692 4486 856 4551 odoriferis
870 4494 1046 4550 nascuntur
1061 4486 1210 4551 cinnama
1224 4486 1331 4567 virgis,
