3759 5425
454 774 520 833 862
678 786 756 830 vrrs
772 785 948 831 sanamur
966 784 1099 831 rsnrcro
1113 784 1278 832 sneronn.

455 936 643 1006 sanctitate!
678 940 735 1023 qui
762 940 819 1004 tali
848 959 926 1003 usus
956 938 1157 1003 discretionis
1181 936 1299 1015 studio,
1322 946 1356 999 et
1384 947 1509 1020 patrem

454 1044 496 1105 ab
510 1042 621 1123 ignoto
635 1041 697 1105 sibi
719 1040 908 1125 peccamine
922 1038 1079 1117 liberavit,
1095 1050 1128 1101 et
1136 1039 1289 1122 seipsum,
1300 1036 1395 1121 enjus
1406 1036 1511 1099 meriti

454 1143 542 1229 apud
557 1144 663 1208 Deum
679 1144 840 1219 existeret,
855 1150 953 1203 tantae
968 1140 1057 1203 urbis
1073 1141 1197 1224 populo
1213 1139 1395 1202 declaravit

497 1248 556 1311 Vir
583 1247 644 1311 iste
676 1246 839 1309 literarum
876 1242 1013 1308 scientia
1040 1242 1188 1327 apprime
1217 1254 1249 1304 et
1276 1242 1359 1303 inter
1388 1240 1512 1322 primos

454 1348 609 1423 eruditus,
622 1346 676 1411 die
691 1346 831 1431 quadam
846 1367 919 1410 cum
943 1346 977 1407 in
999 1344 1112 1425 regina
1134 1343 1264 1408 urbium
1278 1342 1511 1426 Apostolorum

454 1448 625 1514 ecclesiam
640 1447 869 1531 ingrederetur,
885 1444 1066 1510 adlaudem
1077 1465 1186 1509 eorum
1198 1442 1355 1507 memoria
1365 1442 1512 1524 dignam,

455 1551 517 1615 hos
530 1549 631 1615 edidit
644 1570 761 1613 versus.

674 1650 770 1730 [Hic.
784 1650 845 1713 &a
858 1648 934 1713 cide
947 1672 981 1731 p.
995 1653 1066 1711 129.
1082 1649 1181 1730 hujus
1194 1646 1289 1725 edit]

501 1754 550 1817 Ut
571 1765 678 1817 autem
703 1752 943 1816 Monachornm
966 1773 1080 1816 norma
1107 1751 1311 1826 Aldhelmus,
1335 1751 1417 1815 tanti
1443 1750 1512 1827 viri,

457 1876 591 1917 summae
617 1853 704 1919 sedis
725 1852 883 1930 Rectoris,
906 1852 1044 1934 benigne
1068 1851 1197 1915 functus
1218 1852 1451 1928 contubernio;
1480 1863 1514 1915 et

458 1965 496 2019 ut
519 1958 598 2019 alter
621 1956 763 2033 alterius,
781 1955 831 2019 uti
856 1953 1057 2017 consuetudo
1084 1966 1133 2017 est
1156 1965 1339 2017 sanctorum
1369 1954 1514 2030 Petrum,

457 2057 541 2119 bene
556 2067 623 2120 erat
643 2057 819 2119 instructus
841 2056 1018 2138 colloquio,
1034 2054 1185 2138 repedare
1201 2055 1242 2119 ad
1264 2055 1404 2139 propris,
1419 2054 1510 2119 etad

458 2158 545 2241 prius
560 2156 672 2220 statuit
686 2156 788 2219 redire
806 2159 1018 2241 propositum.
1063 2158 1157 2221 Tunc
1178 2178 1198 2221 a
1219 2168 1332 2221 sancto
1353 2157 1456 2240 Papa,
1470 2156 1514 2220 ad

460 2278 588 2322 suorum
603 2268 801 2342 posterorum
815 2257 999 2337 utilitatem,
1014 2259 1060 2321 uti
1075 2259 1145 2321 sine
1160 2257 1385 2342 inquietudine
1400 2256 1513 2322 debite

458 2362 522 2425 Dei
547 2361 675 2425 servitia
700 2362 862 2426 celebrare
887 2371 1035 2445 possent,
1061 2362 1132 2425 haec
1159 2382 1230 2445 quse
1259 2360 1341 2423 infra
1363 2360 1513 2441 leguntur

458 2464 608 2549 quesivit
621 2475 734 2529 sancta
748 2462 898 2540 donaria3
920 2484 987 2526 non
1004 2464 1072 2527 auri
1088 2464 1136 2526 rel
1151 2462 1275 2543 argenti
1287 2473 1341 2526 aut
1352 2460 1511 2547 cujusque

459 2568 580 2631 metalli
596 2565 749 2650 pondera,
765 2563 841 2649 quia
855 2584 988 2627 securus
1011 2562 1052 2626 de
1070 2564 1208 2629 crastino
1226 2563 1349 2626 nullius
1367 2564 1431 2626 nisi
1447 2563 1513 2627 Dei

459 2669 624 2752 quoerebst
637 2667 880 2733 adminiculum.
913 2666 1013 2730 Petiit
1023 2688 1100 2748 ergo
1115 2666 1269 2746 edietum,
1280 2666 1395 2732 summi
1409 2665 1515 2731 Patris

459 2771 648 2835 auctoritate
663 2770 834 2848 sancitum,
850 2780 1009 2853 quatenus
1024 2770 1227 2846 monasteria,
1243 2790 1315 2852 qnae
1327 2769 1400 2830 Deo
1410 2789 1512 2830 annn-

458 2881 533 2936 ente
555 2872 682 2936 solicita
707 2882 813 2934 mente
834 2871 1047 2952 gubernabat,
1067 2871 1282 2934 Meidunense
1305 2870 1439 2946 scilicet,
1454 2870 1513 2932 ubi

458 2972 697 3037 inthronizatus
725 2973 828 3037 fuerat
852 2970 950 3056 (quod
972 2971 1110 3035 Meldrm
1133 2985 1254 3036 sanctie
1276 2972 1447 3048 memoriae,
1471 2971 1515 3035 de

458 3073 553 3157 cujus
567 3072 665 3157 stirpe
680 3073 817 3138 Sanctus
831 3074 894 3138 iste
909 3073 1088 3152 descendit,
1104 3071 1306 3153 condiderat)
1324 3083 1419 3156 atque
1434 3073 1513 3138 huic

460 3172 624 3237 subditum
639 3172 738 3249 aliud,
753 3175 787 3236 in
809 3175 931 3238 honore
947 3173 981 3237 S.
1000 3175 1022 3238 J
1024 3172 1137 3236 oannis
1158 3173 1324 3238 conditum
1343 3193 1439 3256 super
1452 3175 1515 3238 flu-

459 3276 557 3348 vtum,
572 3273 629 3358 qui
644 3272 761 3338 dicitur
776 3277 882 3355 From,
898 3278 938 3341 ab
954 3277 1041 3341 omni
1062 3277 1207 3340 saeculari
1222 3276 1348 3340 servitio
1363 3274 1513 3342 redderet

460 3376 618 3455 absoluta,
649 3377 951 3462 Episcoporumque
987 3377 1157 3454 cathedris,
1186 3377 1310 3455 ordine,
1339 3377 1451 3461 jussis,
1483 3388 1515 3442 et

462 3478 605 3565 synodis.
650 3479 705 3558 Et,
728 3479 755 3541 si
780 3478 910 3562 quando
932 3479 1043 3563 aliquo
1066 3478 1178 3542 ordine
1199 3479 1443 3556 Ecclesiastico,
1463 3481 1514 3543 rel

462 3583 560 3649 etiam
584 3580 764 3663 indigerent
784 3580 988 3663 Presbytero,
1019 3601 1039 3642 a
1064 3599 1258 3664 quocunque
1281 3579 1400 3642 vellent
1420 3580 1514 3645 illum

461 3684 604 3750 facerent
618 3680 769 3757 ordinari,
786 3681 955 3745 Catholico
976 3691 1082 3744 tamen
1106 3681 1262 3746 existente
1277 3683 1444 3767 Episcopo
1454 3707 1464 3759 ;
1487 3685 1514 3748 si

460 3797 569 3848 autem
583 3783 767 3865 religiosum
782 3782 942 3846 Abbatem
958 3782 1047 3845 obire
1062 3783 1269 3865 contingeret,
1281 3795 1313 3846 et
1327 3783 1368 3849 ad
1384 3786 1516 3852 alterius

460 3886 653 3950 electionem
669 3896 798 3948 ventum
814 3894 916 3959 esset;
938 3884 1030 3946 illum
1043 3904 1138 3966 quern
1148 3885 1296 3967 religiosa
1308 3890 1513 3969 congregatio

464 4009 626 4053 servorum
640 3987 705 4050 Dei
723 3986 853 4069 eligeret
873 3986 1017 4049 omnium
1037 3987 1200 4050 communi
1223 3987 1372 4065 consilio,
1386 3990 1473 4054 hunc
1496 4014 1515 4054 e

463 4091 600 4172 vestigio
615 4088 877 4172 promovendum.
921 4087 943 4151 J
945 4109 995 4152 am
1011 4099 1088 4152 tuuc
1098 4089 1184 4152 enim
1196 4089 1327 4154 ambitio
1337 4093 1514 4156 monacho·

463 4215 533 4258 mm
548 4192 742 4254 inoleverat:
760 4190 830 4274 jam
845 4212 914 4254 non
930 4202 966 4254 ut
983 4200 1094 4274 pastor
1115 4211 1173 4272 per
1193 4191 1321 4266 ostium,
1337 4191 1393 4254 sed
1415 4203 1453 4258 ut
1467 4193 1517 4258 sur

462 4292 595 4360 aliunde
618 4292 744 4355 volebat
766 4293 981 4356 mercenarius
1003 4292 1139 4368 intrare;
1167 4291 1302 4376 ideoque
1329 4292 1446 4358 divinae
1469 4297 1515 4359 rei

465 4396 610 4479 provisor
629 4393 692 4455 ista
712 4395 879 4476 poscebat.
924 4394 1005 4466 Quae
1027 4405 1134 4456 tamen
1155 4393 1403 4458 inhabitantium
1426 4397 1514 4460 vitiis

461 4506 497 4557 et
511 4495 684 4555 ambitione
700 4495 902 4575 quomndam
923 4494 1032 4557 omnia
1054 4505 1175 4557 mutata
1192 4493 1358 4571 ridentur;
1381 4517 1454 4560 nam
1471 4497 1513 4560 ad

463 4589 601 4652 nihilum
627 4611 711 4672 pene
734 4594 862 4657 redacta
885 4595 1049 4675 religione,
1072 4595 1185 4678 spretis
1206 4597 1433 4679 Apostolorum
1457 4597 1515 4663 ad·
