3759 5425
668 736 822 783 arrsrons
838 738 882 781 so
897 734 1075 793 scracrurr,
1091 734 1163 779 arc.
1374 714 1446 772 247'

380 893 522 957 mimeris
544 893 579 955 in
602 912 697 955 versu
726 892 856 954 heroico
885 888 1003 953 dicitnr
1033 888 1089 951 ubi
1119 900 1194 971 post
1223 884 1305 947 duos
1334 882 1436 967 pedes

380 994 523 1077 sequitur
538 993 664 1075 syllaba
679 1011 752 1073 quae
768 1001 891 1074 partem
907 990 1056 1053 terminet
1073 988 1235 1065 orationis,
1251 994 1306 1049 ut:

520 1089 653 1141 Truncurn
665 1092 735 1140 terra
746 1088 822 1155 tegit,
834 1086 979 1139 latitantia
991 1086 1087 1157 cespite
1098 1084 1225 1155 lymphae.

382 1179 465 1242 Item
481 1178 619 1261 Prosper
632 1177 665 1239 in
681 1176 905 1257 aenigmatibus
920 1171 961 1237 de
977 1175 1120 1239 oratione
1135 1171 1290 1237 Domini:

524 1275 593 1327 Cum
604 1291 680 1345 prece
692 1274 850 1341 sangiuneas
861 1272 990 1325 tirndebat
1001 1290 1106 1345 corpore
1119 1276 1217 1341 guttas.

426 1374 469 1435 D.
493 1370 580 1445 Quid
591 1381 641 1435 est
651 1368 912 1454 hepthemimeris
920 1367 1026 1433 l-M.
1046 1368 1163 1433 Latine
1174 1366 1439 1451 semiseptenaria

384 1474 563 1561 appellatur
584 1493 715 1549 cassura,
739 1493 812 1535 cum
835 1480 909 1554 post
937 1482 1003 1534 tres
1024 1470 1127 1554 pedes
1149 1469 1293 1554 sequitur
1315 1464 1439 1551 syllaba

383 1588 506 1662 partem
521 1574 676 1638 orationis
690 1574 874 1649 terminans,
890 1584 944 1635 ut:

528 1672 616 1737 Musa,
628 1672 692 1725 mihi
704 1689 796 1725 causas
808 1688 931 1724 memora.

387 1764 432 1825 Et
446 1762 542 1825 alibi:

526 1859 555 1911 N
557 1879 586 1913 ao
597 1859 668 1933 pepli
679 1859 766 1915 radios
777 1864 894 1930 poscunt.

388 1950 471 2012 Item
488 1948 633 2013 Phocas:

528 2046 570 2100 Te
581 2046 724 2116 longinqua
734 2052 828 2117 petens
841 2049 962 2101 comitem
974 2046 1024 2099 sibi
1037 2044 1105 2099 serre
1116 2046 1207 2098 viator.

431 2144 473 2206 D.
497 2144 577 2216 Quae
592 2154 640 2206 est
662 2162 782 2206 caesura
804 2144 1035 2218 trititrochaici,
1050 2144 1101 2206 vel
1121 2140 1373 2205 tritustrochaeus
1383 2140 1441 2204 l—

389 2244 436 2306 Μ.
460 2243 543 2307 Cum
561 2244 652 2306 tertio
672 2243 745 2305 loco
769 2261 827 2323 per
846 2242 1009 2327 dactylum
1031 2244 1227 2319 terminatur,
1242 2241 1326 2304 sicut
1346 2252 1443 2325 poeta

390 2343 547 2428 promisit,
562 2341 691 2407 diceus:

531 2440 589 2493 Hoc
601 2439 668 2505 volo,
681 2458 715 2492 ne
726 2441 839 2493 breviter
850 2442 914 2493 mibi
927 2441 1029 2510 syllaba
1039 2442 1122 2513 prima
1133 2440 1244 2507 legabat,

392 2547 424 2599 et
439 2538 534 2601 alibi:

532 2636 589 2689 Neo
598 2638 654 2709 jam
666 2642 736 2690 terra
748 2655 831 2701 vocor,
845 2636 906 2689 licet
920 2654 955 2689 ex
966 2652 1009 2688 me
1021 2640 1091 2687 terra
1101 2640 1213 2705 paretur.

390 2736 473 2798 Item
489 2735 686 2817 epigramma
701 2734 849 2820 Prospcri
866 2733 1127 2798 tritontrochaeon
1141 2733 1290 2816 protulit:

532 2831 571 2884 At
581 2831 659 2896 bona,
672 2848 731 2901 quar
743 2849 805 2885 rere
816 2831 885 2885 bona
896 2837 966 2895 sunt,
977 2848 1026 2884 nec
1037 2829 1091 2883 tina
1103 2836 1231 2884 tenentur.

436 2928 478 2991 D.
514 2928 593 3001 Quae
624 2940 674 2992 est
703 2928 848 2993 definitio
886 2950 1017 2992 caesurae
1047 2928 1317 3008 tetartitrochaici,
1346 2951 1445 3014 quam

392 3029 522 3114 quidam
543 3031 827 3094 tetartebucolicon
845 3041 1035 3114 nuncupant
1047 3028 1154 3094 l-M.
1178 3028 1261 3094 Cum
1279 3030 1313 3094 in
1330 3045 1443 3117 quarto

390 3133 463 3195 loco
479 3132 530 3196 rel
545 3132 677 3212 regione
691 3153 765 3215 pars
782 3133 934 3196 orationis
950 3152 1024 3196 cum
1040 3131 1171 3215 dactylo
1186 3132 1379 3197 terminatur.

435 3234 477 3296 D.
501 3233 683 3297 Manifestis
713 3236 935 3318 exemplorum
966 3235 1077 3298 formis
1098 3235 1161 3298 hoc
1192 3233 1372 3298 evidentius
1398 3257 1446 3300 re·

391 3335 486 3399 serari
501 3336 681 3417 rogo-M.
704 3335 857 3418 Virgilius
872 3337 976 3419 prima
990 3336 1115 3418 Ecloga
1128 3337 1219 3399 infit:

533 3431 591 3487 Nos
602 3436 694 3506 patriar
705 3432 773 3487 fines
785 3439 812 3486 et
823 3434 908 3487 dulcia
919 3434 1060 3503 linquimus
1072 3451 1141 3487 arra.

395 3523 439 3586 Et
454 3523 554 3586 inira:

535 3621 613 3694 Saepe
624 3628 698 3677 tener
709 3624 805 3676 nostris
816 3623 850 3674 ab
862 3622 972 3676 ovilibus
983 3621 1084 3674 imbuet
1095 3639 1188 3689 agnus.

393 3719 469 3782 Hoc
484 3717 571 3782 idem
586 3721 743 3783 Paulinus
758 3721 863 3803 primo
878 3741 992 3783 versu:

535 3818 632 3870 Annua
643 3822 703 3870 rota
715 3817 764 3870 tibi
775 3822 901 3880 remeant,
913 3816 992 3869 simul
1003 3834 1091 3869 annua
1101 3817 1209 3884 linguae.

394 3913 440 3975 Et
469 3913 646 3976 notandum
676 3913 762 3997 quod
793 3914 903 3994 regula
932 3912 1081 3978 Bucolici
1105 3913 1257 3979 carminis
1285 3915 1388 3998 exigit
1413 3930 1448 3981 ut

396 4025 527 4097 quartus
552 4035 610 4096 pes
637 4014 768 4098 dactylo
791 4036 918 4097 semper
948 4014 1159 4095 clauderetur,
1182 4015 1271 4099 quod
1294 4015 1447 4099 Virgilius

395 4114 499 4178 victus
513 4113 619 4198 operis
634 4113 822 4177 difficultate
836 4113 990 4193 neglexit.

439 4217 482 4279 D.
506 4216 681 4298 Postquam
707 4214 880 4297 ancipitem
901 4214 1042 4278 metricae
1063 4215 1139 4278 artis
1165 4217 1352 4299 scrupulum
1375 4220 1447 4284 luce

398 4316 514 4380 clarius
529 4314 703 4398 digessisti,
710 4315 781 4399 jam
797 4327 923 4397 tempus
938 4324 971 4375 et
985 4313 1064 4376 ordo
1079 4336 1182 4380 rerum
1198 4315 1311 4399 exigit,
1324 4330 1361 4383 ut
1374 4341 1448 4404 pro·

398 4419 496 4481 missa
518 4417 722 4498 aenigmatum
751 4415 951 4499 problemata
971 4415 1144 4479 luculentae
1174 4418 1361 4484 urbanitatis
1383 4445 1449 4486 ver-

398 4519 487 4582 sibus
523 4515 709 4602 patefacias,
745 4539 782 4580 ac
821 4514 974 4599 deinceps
1016 4517 1213 4600 singulorum
1251 4541 1448 4607 quorumque
