3759 5425
426 680 490 741 266

710 696 864 745 srrsrons
881 699 924 745 so
938 696 1116 759 scracrou,
1133 698 1203 747 arc.

514 849 579 914 Sed
595 862 719 915 mentes
734 861 823 915 muto
839 850 914 915 dum
929 854 1029 917 labris
1044 854 1157 917 oscula
1170 850 1268 917 trado.

514 952 633 1017 Dulcia
646 952 838 1036 compressis
852 954 1045 1038 impendens
1059 954 1198 1019 bacchia
1211 952 1323 1019 buccis

512 1055 617 1137 Atque
633 1054 752 1137 pedum
767 1075 893 1137 grossus
907 1054 1082 1120 titubantes
1096 1066 1205 1119 stemo
1218 1055 1317 1118 ruina.

681 1228 682 1233 ἵ
715 1160 764 1219 10.
788 1154 841 1217 De
856 1155 975 1233 Scrqfo
983 1164 1186 1237 proepncnte.

514 1255 611 1319 Nunc
626 1255 705 1318 mihi
721 1265 796 1318 sunt
810 1254 896 1318 oculi
910 1255 964 1319 bis
978 1256 1047 1319 seni
1062 1256 1096 1320 in
1112 1277 1247 1339 corpore
1261 1254 1338 1319 solo.

513 1358 570 1421 Bis
585 1367 775 1442 temumqne
791 1366 898 1442 capnt,
914 1358 974 1422 scd
987 1370 1103 1423 caetera
1117 1360 1261 1422 membra
1274 1357 1439 1438 gubernat

513 1460 599 1524 Nam
615 1459 744 1541 gradior
756 1458 896 1541 pedibus
910 1458 1061 1523 suffultus
1074 1459 1126 1522 bis
1139 1458 1309 1533 duodenis,

513 1560 579 1625 Sed
594 1560 706 1623 novies
720 1558 796 1622 doni
811 1568 887 1622 sunt
901 1567 934 1622 et
948 1578 1008 1621 sex
1021 1559 1168 1641 corporis
1182 1578 1313 1641 ungnes

513 1663 694 1746 Synzygiss
707 1682 840 1725 numero
854 1660 973 1744 pariter
986 1662 1146 1726 simulabo
1160 1662 1334 1746 pedestres,

514 1765 660 1848 Populus
675 1772 708 1826 et
722 1770 829 1841 taxus,
845 1760 938 1824 viridi
954 1782 1082 1847 qnoque
1096 1762 1210 1827 fronde
1224 1763 1336 1827 salicta

512 1866 596 1931 Sunt
609 1864 712 1927 inrisa
726 1862 817 1940 mihi,
831 1861 891 1927 sed
905 1862 998 1945 fagos
1011 1863 1187 1947 glandibus
1202 1883 1313 1937 uncas,

514 1966 704 2031 Fructiloras
718 1964 832 2029 itidem
846 1966 975 2029 florenti
990 1965 1109 2029 vertice
1124 1986 1261 2050 quercus

513 2067 633 2151 Diligo,
649 2067 695 2131 sic
710 2086 880 2131 numerosa
895 2065 991 2129 simul
1004 2086 1071 2129 non
1086 2066 1245 2150 spernitur
1257 2067 1333 2130 ilex.

837 2171 885 2230 ll.
911 2166 963 2229 De
977 2166 1080 2229 ebulo.

511 2272 692 2337 Snmbucus
706 2269 740 2331 in
756 2268 837 2331 silva
850 2267 953 2352 putris
969 2266 1046 2331 dum
1060 2266 1173 2331 fronde
1187 2269 1336 2344 mbescit,

511 2373 572 2437 Est
586 2371 664 2435 mibi
678 2391 736 2454 par
751 2370 846 2447 soliis,
859 2390 934 2433 nam
951 2370 1052 2451 glisco
1068 2372 1215 2433 surculus
1229 2369 1324 2447 arvis,

511 2478 631 2560 Nigroe
645 2476 816 2538 baccarum
831 2483 964 2556 portans
978 2473 1013 2535 in
1028 2474 1131 2537 lronte
1145 2474 1314 2536 corimbos.

513 2577 618 2650 Quem
633 2573 752 2638 modici
766 2574 901 2637 multum
916 2573 999 2636 ruris
1013 2592 1071 2655 per
1084 2583 1174 2655 terga
1188 2573 1352 2648 virentem,

511 2676 595 2743 Cum
611 2676 735 2742 scabies
750 2674 853 2738 morbi
867 2674 984 2759 pulpas
999 2673 1149 2738 invaserit
1163 2694 1264 2757 aegras

514 2780 700 2842 Lustrantes
715 2777 824 2839 orbem
839 2776 951 2840 crebro
966 2777 1118 2861 quaesisse
1134 2777 1284 2841 feruntur.

513 2879 671 2945 Cladibus
685 2876 843 2941 horrende
858 2876 935 2940 dnm
951 2889 1071 2941 vexant
1083 2877 1206 2941 viscera
1219 2879 1308 2956 tabo,

514 2981 566 3044 Ne
582 2979 670 3042 virus
683 2987 791 3060 serpat
804 2997 936 3059 possum
952 2997 1139 3041 succurrere
1153 2977 1263 3062 lepras,

514 3081 569 3146 Sic
585 3078 688 3144 olidas
702 3079 868 3142 hominnm
883 3087 1065 3142 restaurans
1079 3077 1219 3158 germine
1234 3078 1343 3142 fibras.

742 3263 932 3310 AENIGMATA
949 3261 1165 3310 nsscssrtcfls.

845 3374 872 3434 l.
897 3368 950 3433 Do
963 3387 1066 3432 corno.

518 3474 605 3537 Dum
620 3495 720 3556 genus
735 3474 911 3537 humanum
925 3472 1107 3536 trucidante
1120 3472 1241 3538 fluenta
1254 3483 1417 3551 necarent,

517 3575 562 3638 Et
576 3595 657 3639 nors
670 3575 820 3638 mortales
835 3574 1007 3638 multarent
1022 3591 1151 3656 aequora
1165 3584 1311 3640 cunctos.

517 3678 676 3762 Exceptis
690 3677 779 3754 raris,
794 3678 931 3760 gignunt
945 3675 1002 3760 qui
1018 3675 1141 3739 semina
1155 3677 1265 3754 saecli3

517 3780 642 3844 Primus
658 3779 818 3842 viventum
832 3777 1007 3860 perdebam
1021 3776 1144 3842 loedera
1152 3776 1246 3861 juris,

517 3879 656 3964 lmperio
672 3878 771 3963 patris
786 3889 995 3943 contemnens
1010 3878 1147 3942 subdere
1163 3878 1258 3953 colla,

519 3980 615 4046 Unde
631 3990 709 4063 puto
725 3977 848 4042 dudum
864 3997 957 4041 versu
972 3975 1095 4041 dixisse
1110 3988 1257 4060 poetam

517 4081 629 4146 Abluit
643 4083 676 4146 in
691 4081 783 4146 terris
799 4077 954 4164 quicquid
969 4078 1103 4164 deliquit
1117 4080 1152 4144 in
1168 4079 1276 4158 undis,

517 4185 603 4247 Nam
619 4183 761 4246 sobolem
777 4179 915 4264 dapibus
930 4201 1096 4263 uunquam
1112 4181 1262 4245 saturabo
1278 4179 1435 4254 cibomm,

520 4280 563 4342 Ni
579 4281 669 4364 prius
683 4281 716 4344 in
732 4281 840 4364 pulpis
855 4279 982 4362 plumas
996 4279 1175 4362 nigrescere
1190 4301 1330 4346 cernam.

519 4380 637 4444 Littera
651 4381 788 4457 tollatur,
802 4389 877 4462 post
891 4379 961 4444 lraec
977 4379 1046 4443 sine
1061 4381 1151 4463 prole
1167 4380 1315 4444 manebo.

1641 1084 1656 1330 l

1649 1265 1661 1632 p
