3759 5425
608 822 683 867 vrrs
699 822 876 868 annuatur
893 822 1024 867 rrnroro
1039 823 1202 868 nucrona.
1376 810 1439 867 355

389 994 521 1038 necnon
536 994 575 1037 ea
590 994 663 1056 quas
678 995 698 1038 a
719 974 871 1038 veridicis
885 984 917 1038 et
931 976 1119 1055 regulariter
1134 977 1311 1040 monastico
1327 976 1436 1041 ordine

392 1077 585 1157 degentibus
599 1076 649 1138 vel
664 1076 705 1138 ab
721 1076 793 1139 aliis
808 1076 933 1139 diverso
949 1076 1060 1139 ordine
1076 1076 1231 1139 catholice
1247 1098 1436 1139 conversan·

389 1178 487 1256 tibus,
501 1200 587 1262 saepe
601 1177 783 1242 audivimus
805 1179 889 1241 faeta
902 1200 961 1262 per
982 1180 1096 1243 merita
1110 1179 1189 1241 servi
1213 1178 1272 1257 sui,
1288 1200 1359 1262 quas
1374 1179 1438 1261 ipsi

390 1290 446 1343 aut
460 1280 622 1363 corporeis
636 1280 739 1343 oculis
753 1276 910 1357 viderunt,
925 1291 982 1343 aut
996 1302 1015 1343 a
1029 1280 1221 1363 primoribus
1237 1280 1310 1357 sois,
1321 1278 1388 1363 janr
1404 1280 1437 1342 in

389 1382 511 1447 eaelesti
524 1379 642 1462 gaudio
657 1389 732 1443 ante
747 1380 865 1443 divinae
881 1391 1091 1464 conspectum
1108 1381 1284 1444 elementiae
1300 1401 1439 1462 congau-

388 1481 549 1560 dentibus,
564 1484 749 1566 frequenter
763 1480 948 1561 audierunt;
972 1484 1027 1567 qui
1042 1504 1076 1547 se
1098 1484 1245 1546 volumen
1261 1504 1303 1545 ex
1319 1482 1437 1546 virtuti-

387 1586 450 1648 bus
479 1584 549 1668 ejus
584 1582 694 1647 lucido
725 1584 808 1666 stylo
840 1583 994 1647 dicebant
1018 1585 1150 1667 legisse;
1185 1583 1242 1647 sed
1272 1586 1437 1647 Danorum
1538 1641 1542 1649 .

388 1695 542 1768 tempore,
569 1706 643 1747 eum
674 1685 780 1750 adhue
808 1685 928 1749 Christi
955 1688 1139 1751 Ecclesiam
1164 1694 1438 1770 persequerentur,

387 1784 584 1871 perdidisse:
609 1784 664 1869 qui
685 1786 795 1848 omnia
821 1788 894 1849 Deo
916 1800 1037 1864 nostro,
1056 1788 1120 1850 illis
1142 1787 1265 1868 ignoto,
1281 1786 1438 1864 dedicata,

387 1900 446 1951 aut
457 1888 596 1972 pedibus
610 1889 856 1963 conculcabant,
871 1900 927 1953 aut
942 1892 989 1955 ira
1008 1902 1178 1973 superante
1192 1889 1346 1953 rationem
1362 1890 1436 1971 igne

387 1991 648 2067 concremabant,
659 2011 717 2054 seu
732 2011 926 2076 quoeunque
943 1992 1039 2055 modo
1055 2001 1201 2076 poterant
1215 1993 1434 2055 annullabant.

387 2092 496 2154 Multa
509 2090 604 2155 etiarn
621 2112 751 2155 suorum
767 2092 924 2157 factorum
938 2094 972 2158 in
988 2095 1116 2172 scrinio,
1131 2116 1198 2158 non
1214 2096 1349 2158 multum
1364 2106 1438 2177 post

386 2191 510 2254 obitum
538 2192 608 2276 ejus
632 2194 730 2270 facto,
755 2193 790 2256 in
815 2216 879 2278 quo
905 2195 1000 2260 beata
1023 2196 1093 2280 ejus
1119 2218 1192 2260 ossa
1220 2197 1437 2273 servabantur,

386 2292 581 2377 antiquiores
597 2295 708 2358 Patres
728 2296 827 2360 nostri
853 2298 1012 2379 argenteis
1034 2298 1162 2362 laminis
1186 2297 1227 2361 ad
1253 2299 1436 2361 memoriam

385 2406 585 2474 posterorum
608 2417 628 2458 a
642 2396 754 2477 primis
769 2398 913 2479 patribus
937 2399 1099 2478 assignata
1122 2398 1282 2461 viderunt:
1305 2410 1337 2461 et
1360 2400 1436 2482 quia

386 2495 474 2559 istud
492 2508 557 2559 erat
578 2497 773 2578 negligentia
788 2508 820 2559 et
841 2508 996 2561 vetustate
1012 2497 1083 2580 jam
1099 2520 1181 2581 pene
1197 2509 1435 2581 consumptum,

386 2597 509 2661 Praesul
540 2596 671 2680 qnidam
704 2618 778 2660 curn
814 2598 887 2661 aliis
917 2599 991 2661 Deo
1022 2598 1249 2662 famulantibus
1285 2598 1318 2659 in
1348 2599 1435 2662 aliud

386 2698 539 2762 novitatis
553 2717 653 2760 causa
675 2694 716 2761 ad
739 2719 962 2762 suceessorum
985 2700 1179 2778 memoriam,
1194 2702 1227 2761 in
1250 2721 1314 2784 quo
1329 2700 1434 2765 adhue

385 2800 544 2877 videntur,
554 2797 667 2862 eadem
682 2802 916 2865 transtulerunt.

430 2902 573 2964 Fuerunt
598 2923 739 2986 quoque,
762 2914 837 2986 post
859 2905 965 2986 prima
990 2905 1136 2968 instituta
1162 2906 1266 2969 saneti
1295 2907 1363 2984 viri,
1385 2907 1435 2968 sui

385 3005 451 3068 loci
466 3001 638 3067 familiares
660 3017 826 3083 amatores,
841 3007 926 3069 sieut
945 3006 1159 3090 Archipraisul
1183 3007 1381 3086 Dunstanus‚
1396 3007 1436 3071 de

386 3105 480 3189 eujus
494 3107 664 3170 sanctitate
676 3127 741 3169 non
754 3107 931 3185 dubitatur,
943 3110 1039 3173 etalii
1052 3111 1259 3194 quamplures
1270 3111 1436 3188 Praesules,

387 3229 522 3291 quorum
546 3227 637 3271 saera
660 3229 734 3271 ossa
762 3209 795 3271 in
820 3211 933 3274 eadem
962 3213 1169 3296 requiescunt
1197 3214 1349 3277 basilica:
1381 3214 1436 3298 qui

386 3309 414 3370 si
429 3309 498 3371 haec
514 3309 654 3390 priorum
670 3309 774 3372 relatu
788 3331 863 3373 vera
877 3333 942 3375 non
970 3312 1145 3390 crederent,
1159 3314 1260 3376 illaesa
1274 3335 1377 3398 usqne
1393 3313 1435 3376 ad

386 3420 527 3471 nostram
543 3408 730 3471 memoriam
753 3409 876 3492 absque
899 3410 1001 3473 dubio
1024 3431 1089 3472 non
1112 3412 1338 3493 relinquerent.
1383 3413 1435 3475 De

387 3509 505 3594 quibus
519 3508 663 3573 studiose
678 3510 772 3589 plura
783 3508 975 3583 dimisimus,
987 3521 1019 3572 et
1034 3530 1142 3572 eorurn
1159 3530 1230 3592 quar
1246 3508 1436 3574 ridebantur

386 3609 484 3690 digna
506 3610 620 3687 relatu,
633 3629 692 3693 pro
714 3608 916 3671 referentium
938 3609 1136 3683 auctoritate,
1155 3619 1277 3692 partem
1303 3609 1435 3694 decerp-

386 3710 500 3774 simus:
523 3731 563 3774 ea
577 3730 717 3794 namque
732 3731 805 3793 quae
814 3731 875 3773 nos
889 3711 952 3795 ipsi
964 3711 998 3772 in
1009 3709 1181 3794 praesentia
1191 3731 1277 3792 saepe
1289 3711 1436 3794 vidimus,

386 3832 492 3875 veram
515 3810 612 3874 fidem
636 3812 867 3895 praeteritorum
888 3811 1020 3874 faciunt.
1065 3811 1138 3882 Qua
1161 3811 1194 3873 in
1218 3831 1252 3873 re
1274 3812 1434 3876 neminem

385 3933 445 3976 nos
460 3932 611 3975 accusare
635 3911 751 3975 debere
773 3911 932 3975 videmus:
957 3911 1032 3995 quia
1053 3913 1181 3974 beatum
1197 3913 1385 3993 Gregorium
1400 3915 1434 3977 in

386 4013 599 4094 Dialogorum
634 4012 725 4077 libris
760 4012 873 4077 itidem
909 4013 1025 4076 fecisse
1067 4013 1301 4096 conspicimus:
1339 4026 1434 4098 atque

386 4114 485 4193 (sicut
509 4115 646 4196 ipsemet
665 4115 784 4194 retulit)
801 4115 909 4178 Lucas
932 4135 1060 4199 quoque
1078 4113 1233 4190 medicus,
1256 4114 1349 4199 cujus
1365 4117 1435 4179 laus

385 4235 444 4298 per
457 4235 571 4279 omnes
585 4215 753 4280 Ecclesiae
772 4215 819 4293 (ut
833 4217 975 4297 gentium
1000 4217 1122 4278 Doctor
1137 4216 1193 4294 ait)
1212 4216 1309 4280 estin
1325 4217 1434 4281 Evan-

386 4317 489 4398 gelio;
512 4328 545 4381 et
560 4318 704 4396 Marcus,
719 4316 959 4381 Alexandrinus
983 4318 1168 4381 Patriarcha
1182 4331 1215 4381 et
1237 4318 1323 4381 Petri
1338 4317 1434 4382 disci·

384 4419 493 4500 pulos,
518 4439 723 4503 nequaquam
748 4419 902 4503 scripsere
925 4419 1004 4496 visa;
1030 4419 1087 4482 sed
1111 4430 1233 4483 tantum
1259 4419 1377 4498 audita,
1399 4422 1433 4484 in

386 4521 637 4602 Evangeliorum
660 4521 885 4585 voluminibus.
931 4523 1020 4598 Non,
1043 4521 1130 4606 quod
1154 4522 1248 4596 absit,
1263 4532 1299 4586 ut
1320 4543 1379 4587 nos
1400 4524 1434 4586 in

387 4621 520 4684 minimo
534 4622 598 4686 illis
619 4643 750 4707 qnoque
770 4624 1015 4707 aequiparemus,
1029 4625 1079 4686 vel
1102 4632 1227 4686 nostros
1246 4623 1436 4708 illorumque

874 4743 892 4783 a
909 4745 928 4784 a
944 4729 963 4784 2
