3759 5425
666 725 822 772 semrom
837 726 881 771 an
895 725 1071 787 coracinis,
1086 724 1158 773 nro.
1367 707 1433 768 998

374 882 426 945 Et
442 881 538 946 alibi:

695 979 861 1050 Teucrosque
872 984 981 1051 penates

520 1065 682 1119 Commendo
693 1066 779 1121 sociis

374 1168 444 1233 Sed
465 1170 526 1233 hoc
549 1172 738 1236 auctoritato
760 1172 868 1255 potius
891 1192 989 1255 quam
1010 1171 1131 1234 ratione
1154 1170 1248 1234 velet.
1292 1170 1378 1233 Nam
1393 1169 1428 1232 in

373 1272 501 1335 caeteris
522 1292 731 1356 personarum
761 1272 1031 1337 declinationibus
1054 1271 1294 1356 amphimacrus
1315 1271 1426 1335 crebro

373 1374 514 1437 insertus
529 1374 708 1451 adnotatur,
723 1388 759 1439 ut
780 1376 958 1456 conglobas
980 1375 1186 1457 conglobant,
1200 1374 1346 1437 ambulas
1360 1393 1427 1435 am-

374 1474 500 1553 bulant,
520 1477 655 1539 cursitas
678 1479 843 1556 cursitant,
858 1477 1000 1541 somnias
1024 1477 1194 1555 somniant,
1209 1474 1334 1539 hassiae
1355 1474 1428 1537 baa-

376 1572 471 1639 siant.
516 1579 564 1641 Ut
579 1577 731 1643 Ovidius:

519 1672 603 1727 Dulce
615 1676 756 1744 quiescenti
766 1677 856 1730 hassia
865 1674 964 1728 blanda
975 1676 1067 1730 dabas.

376 1770 505 1854 Expias
520 1772 663 1856 expiant.
709 1774 818 1838 Oritur
831 1784 864 1838 et
878 1797 899 1839 a
913 1776 1005 1839 tertia
1019 1773 1247 1860 conjugatione
1269 1773 1428 1859 producta

375 1870 411 1933 in
433 1872 526 1935 tertia
548 1894 684 1957 persona
711 1876 837 1959 plurali,
859 1886 896 1940 ut
924 1876 1073 1955 sarciunt,
1096 1876 1247 1954 sarciunt,
1275 1875 1428 1954 tinniunt,

375 1970 538 2047 hinniunt,
553 1974 694 2057 sopiunt,
709 1976 848 2058 sepiunt,
872 1978 1032 2054 sanciunt,
1046 1978 1198 2055 bulliunt,
1212 1976 1352 2039 acciunt
1396 1978 1427 2040 A

375 2074 555 2159 participiis
576 2075 783 2140 nihilominus
805 2090 947 2161 tempore
969 2080 1120 2163 praesenti
1144 2078 1296 2159 gignitur,
1310 2089 1346 2142 ut
1365 2087 1427 2141 ter·

373 2175 485 2254 ritans,
500 2175 656 2255 hassiam,
677 2180 845 2263 amplians,
860 2182 1009 2265 expians,
1023 2180 1185 2260 imbuens,
1198 2180 1349 2259 induens,
1364 2200 1422 2245 ex-

375 2297 465 2353 uens,
479 2280 635 2355 ambiens,
650 2280 799 2359 garriens,
814 2282 970 2366 pruriens.

421 2380 465 2443 D.
487 2382 732 2464 Amphimacrus
745 2382 832 2446 unde
847 2368 1040 2447 vocabulum
1055 2382 1303 2468 sumpsitl-M.
1328 2382 1426 2456 Quod

376 2481 417 2544 ab
433 2492 566 2566 utraque
580 2494 669 2566 parte
683 2484 790 2566 longis
812 2486 945 2569 syllabis
967 2486 1181 2549 circumclusa
1195 2486 1301 2549 brevis
1316 2485 1424 2567 cingi-

377 2594 448 2662 tur;
477 2606 552 2649 nam
580 2585 682 2678 μακςᾶ
709 2588 819 2670 longa,
848 2597 881 2650 et
909 2587 1105 2670 macrologia
1132 2589 1233 2669 longa
1262 2588 1426 2653 sententia

377 2684 504 2752 dicitur.

418 2790 461 2853 D.
484 2791 556 2865 Qua
585 2791 750 2855 divisionis
779 2794 887 2876 specie
915 2793 1005 2858 idem
1041 2815 1099 2876 pes
1134 2790 1421 2878 sequestratur?-

352 2959 353 2964 ,
378 2893 425 2956 Μ.
448 2894 709 2977 Amphimacrum
724 2897 873 2979 sescupla
892 2895 1053 2960 divisione
1072 2895 1238 2980 partimur,
1254 2895 1331 2980 quia
1345 2894 1425 2963 arsia

378 3005 410 3057 ct
423 2993 523 3058 thesis
537 2996 615 3058 bina
629 3005 661 3058 et
676 2995 759 3058 trina
772 3005 951 3080 temporum
965 2996 1206 3083 intercapedine
1220 2997 1420 3062 dirimuntur.

790 3105 843 3170 De
859 3107 1014 3170 Bacchio.

420 3205 464 3267 D.
487 3207 598 3270 Dictio
614 3209 763 3291 exempla
778 3208 819 3271 ad
834 3206 1016 3290 pedestrem
1038 3208 1174 3274 Bacchii
1196 3211 1338 3293 regulam
1352 3232 1425 3295 per·

378 3306 612 3371 tinentia—M.
643 3308 813 3382 Voluntas,
837 3309 995 3394 voluptas,
1019 3309 1166 3388 facultas,
1188 3321 1342 3394 potestas,
1366 3313 1425 3378 ho·

377 3417 495 3486 nestas,
509 3407 676 3492 juventus,
690 3421 848 3487 senectus,
864 3423 896 3474 ct
919 3411 1154 3495 propemodum
1170 3413 1279 3476 omnia
1292 3414 1424 3480 nomina

377 3509 485 3594 primae
501 3513 550 3574 rel
573 3510 725 3574 secundae
747 3509 996 3594 conjugationis,
1010 3534 1081 3597 quae
1102 3511 1144 3575 ad
1159 3513 1426 3598 amphibrachym

377 3612 522 3697 superius
536 3613 775 3676 accumulantes
790 3613 973 3678 catervatim
988 3614 1219 3694 congessimus,
1228 3614 1299 3679 heac
1314 3616 1426 3682 eadem

378 3735 467 3777 versa
481 3714 552 3778 vice
576 3714 755 3778 Bacchium
777 3715 995 3779 reformabunt
1017 3715 1051 3777 in
1074 3717 1199 3780 caetcris
1214 3718 1353 3796 casibus,
1367 3740 1425 3783 ex·

379 3827 472 3897 cepto
508 3815 712 3892 nominativo,
740 3817 922 3879 accusativo
958 3825 992 3880 et
1019 3817 1165 3881 vocativo
1200 3817 1364 3899 singulari,
1392 3833 1427 3885 et

378 3917 517 3998 genitivo
539 3917 666 4001 plurali,
681 3927 717 3980 ut
738 3917 880 4001 popinae,
894 3918 1022 3993 culinae,
1035 3919 1167 3996 rubctae,
1182 3921 1330 4004 popinas,
1345 3924 1426 3988 culi·

378 4039 444 4096 nas,
469 4019 610 4097 rubetas,
637 4019 781 4103 popinis,
811 4018 939 4098 culinis,
967 4021 1098 4084 rubetis.
1143 4020 1198 4085 Sic
1227 4024 1425 4101 masculina3

378 4121 535 4196 cothurni,
564 4118 728 4203 triumphi,
759 4120 896 4202 tyranni,
918 4129 952 4183 et
980 4122 1112 4204 reliqua.
1170 4121 1298 4186 Eodem
1328 4122 1425 4188 modo

379 4219 522 4284 bacchio
538 4231 731 4284 concurrunt
746 4240 819 4304 quae
835 4228 1067 4302 sequuntur,ut
1080 4220 1239 4298 kalenda,
1254 4222 1426 4304 cathedrae,

378 4321 502 4397 cicutae,
526 4316 659 4395 cicadae,
688 4321 787 4398 tiarae,
812 4321 951 4397 tabellae,
970 4321 1125 4407 polentoe,
1153 4323 1292 4406 patellae,
1321 4325 1425 4406 olivoe,

378 4420 509 4502 lagena,
525 4421 682 4500 fenestrae,
698 4422 832 4503 sagina,
855 4420 1000 4502 Sibyllae,
1016 4421 1152 4505 supina,
1172 4423 1343 4502 columbae,
1368 4448 1425 4512 pe·

377 4521 505 4596 lumba,
529 4523 699 4601 columnae,
724 4521 885 4606 podagrae,
908 4521 1076 4599 Minerrae,
1092 4523 1256 4603 modestae,
1271 4528 1425 4604 molesta,
