3759 5425
635 701 789 747 ammona
804 702 847 747 aa
862 700 1040 760 acracrou,
1056 701 1127 749 aro.
1342 690 1406 749 268

441 852 485 915 Et
499 862 606 917 tamen
621 854 765 919 astrifero
779 853 959 938 procedens
974 855 1100 936 agmine
1115 855 1226 938 stipor,

440 951 590 1019 culmina
604 957 757 1019 coelorum
774 978 845 1041 quae
860 956 1021 1021 scandunt
1034 960 1123 1022 celsa
1137 956 1291 1022 catervis:

440 1054 583 1119 Turritas
597 1058 693 1122 urbes
708 1057 823 1141 capitis
838 1059 1011 1123 certamine
1027 1080 1146 1144 quasso

440 1154 569 1238 Oppida
583 1177 744 1221 murorum
759 1167 964 1242 prosternens
978 1159 1108 1224 arcibus
1122 1159 1213 1223 altis:

442 1254 547 1318 Indua
561 1258 713 1321 mortales
728 1267 876 1321 contorto
892 1257 1029 1323 stamine
1043 1258 1150 1343 pepli:

442 1355 562 1421 Littera
576 1356 780 1440 quindecima
794 1368 924 1442 praestat
938 1359 1026 1443 quod
1040 1381 1116 1443 pars
1130 1358 1246 1425 domus
1260 1370 1346 1425 exto.

703 1464 732 1523 9.
757 1460 810 1524 De
817 1460 1050 1541 pupillaribus.

442 1558 617 1641 Melligeris
632 1561 748 1643 apibus
762 1583 835 1626 mea
847 1562 952 1646 prima
965 1561 1124 1645 processit
1133 1564 1236 1647 origo,

440 1657 506 1723 Sed
519 1678 594 1742 pars
608 1663 745 1725 exterior
759 1662 924 1726 erescebat
940 1672 1055 1727 cetera
1069 1662 1178 1727 silvis:

442 1758 667 1827 calceamenta
680 1762 761 1825 mibi
777 1761 945 1827 tradebant
959 1771 1085 1844 tergora
1099 1762 1188 1828 dura

442 1861 473 1922 N
475 1882 539 1925 unc
555 1862 625 1926 ferri
641 1864 789 1929 stimulus
804 1864 916 1928 faciem
932 1863 1113 1949 proscindit
1126 1884 1299 1939 amoenam,

442 1960 596 2027 Flexibus
610 1973 643 2027 et
657 1966 765 2028 sulcos
779 1964 924 2049 obliquat
938 1964 980 2029 ad
994 1966 1095 2029 instar
1108 1965 1222 2029 aratri:

440 2061 506 2126 Sed
521 2084 630 2129 semen
646 2067 745 2147 segeti
761 2065 802 2131 de
817 2068 902 2131 coelo
918 2066 1047 2131 ducitur
1060 2067 1191 2141 almum,

441 2161 536 2236 Quod
551 2165 655 2247 largos
670 2178 801 2248 generat
816 2168 949 2232 millena
962 2168 1052 2250 fruge
1067 2168 1246 2252 maniplos:

442 2262 520 2327 Heu
534 2274 596 2328 tam
613 2276 725 2331 sancta
739 2288 831 2349 seges
845 2266 923 2332 diris
938 2268 1139 2351 extinguitur
1154 2270 1259 2333 armis.

767 2374 816 2432 10.
841 2368 893 2431 De
906 2370 991 2450 ipae.

441 2466 498 2528 Me
512 2478 601 2549 pater
615 2475 648 2531 et
662 2480 762 2533 mater
777 2470 883 2552 gelido
899 2491 1037 2553 genuere
1052 2472 1176 2552 nigore,

442 2566 619 2632 Fomitibus
641 2570 737 2633 siccis
752 2570 828 2635 dum
843 2593 920 2634 mox
934 2570 1118 2635 rudimenta
1132 2571 1293 2653 vigebant,

441 2669 583 2742 Quorum
598 2672 629 2734 vi
644 2672 773 2757 propria
789 2674 947 2737 fortunam
963 2674 1089 2738 sincere
1103 2694 1254 2758 possum3

442 2771 525 2834 Cum
540 2772 621 2836 nihil
634 2774 669 2836 in
682 2775 796 2838 latices
810 2796 884 2839 mea
896 2786 1034 2859 possunt
1048 2776 1175 2840 vincere
1190 2775 1272 2839 sata:

442 2873 506 2936 Sed
521 2876 631 2952 saltus,
645 2877 800 2960 scopulos
815 2877 921 2957 stagni
935 2877 1075 2961 ferrique
1089 2877 1220 2941 metulla

441 2971 669 3038 Comminuens
684 2976 812 3060 penitus
827 2979 949 3039 natbrae
958 2975 1034 3060 jura
1047 2978 1214 3041 resolvam.

442 3073 526 3138 Cum
542 3096 592 3140 me
607 3077 673 3142 vita
688 3077 784 3156 soret,
799 3077 876 3141 clari
890 3099 962 3142 sum
978 3077 1091 3143 sideria
1104 3078 1223 3144 instar:

441 3175 520 3240 Post
533 3176 603 3242 boec
618 3186 651 3240 et
665 3177 731 3241 fato
748 3177 851 3242 rietus
864 3177 937 3261 pice
952 3178 1072 3260 nigrior
1085 3189 1189 3244 exsto.

656 3296 841 3344 maronam
857 3296 1100 3343 annumerent.

728 3387 755 3446 1.
779 3380 833 3444 De
846 3380 1030 3444 hirundine.

443 3473 575 3565 Absque
591 3483 666 3547 cibo
682 3485 790 3565 plures
804 3481 962 3566 degebam
977 3481 1118 3547 marcida
1132 3502 1258 3546 menses

444 3579 508 3645 Sed
524 3603 621 3666 sopor
635 3594 668 3647 et
681 3605 814 3648 somnus
823 3583 949 3670 jejunia
962 3584 1061 3664 longa
1075 3582 1235 3658 tuleruut;

443 3682 570 3745 Pallida
583 3703 745 3767 purpureo
761 3684 839 3749 dum
853 3683 994 3765 gliscunt
1008 3682 1150 3764 gramine
1166 3701 1248 3760 rura,

442 3782 578 3847 Garrula
592 3805 672 3848 mox
687 3786 819 3869 crepitat
832 3783 1051 3849 rubicundum
1065 3783 1209 3847 earmina
1221 3792 1340 3866 guttur.

444 3885 521 3949 Post
536 3896 661 3950 teneros
676 3887 771 3950 foetus
787 3895 820 3951 et
834 3887 958 3970 prolem
973 3885 1079 3969 gentis
1092 3883 1234 3948 adultam

443 3987 565 4071 Sponte
579 4009 651 4052 mea
665 3989 791 4070 fugiens
806 3988 972 4052 umbrosas
987 4007 1096 4071 quaero
1110 3986 1258 4050 latebras.

444 4088 480 4153 Si
494 4109 567 4153 vero
582 4090 753 4174 quisquam
768 4088 928 4172 pullorum
945 4088 1074 4152 lumina
1085 4085 1194 4161 loedat,

441 4189 560 4254 adfero
575 4201 774 4273 compertum
789 4187 955 4253 medicans
969 4188 1166 4270 cataplasma
1180 4187 1302 4262 saluus
1335 4204 1338 4212 ·

444 4290 599 4363 Quaerens
615 4297 826 4374 campestrem
840 4287 971 4371 proprio
987 4285 1028 4350 de
1044 4287 1174 4351 nomine
1189 4287 1311 4352 florem.

684 4397 715 4454 2.
740 4389 792 4452 De
814 4386 977 4466 Vertipiae
993 4386 1079 4450 Poli.

446 4493 499 4558 Sic
516 4515 566 4558 me
584 4493 733 4557 formavit
747 4494 879 4556 Nature
896 4487 1043 4553 conditor
1058 4491 1174 4567 durus,
