3759 5425
678 787 721 834 DE
737 786 904 834 Leonteus
919 788 1100 836 tractuum.

451 939 613 1022 Martyris,
627 940 792 1005 ardentem
807 942 932 1027 passuri
947 943 1067 1008 lumine
1082 945 1203 1008 solem:

452 1040 587 1105 Torrida
600 1041 659 1106 sed
673 1043 772 1107 Titan
787 1045 977 1128 compressit
991 1045 1125 1110 fulmina
1138 1045 1300 1121 frendens,

455 1143 501 1205 Ut
515 1145 604 1207 nulla
617 1145 754 1210 insontis
768 1146 886 1209 ferrent
899 1146 1050 1211 incendia
1066 1148 1217 1212 membra.

452 1241 543 1304 Tunc
560 1243 725 1328 reciproca
738 1244 839 1308 virum
855 1245 1012 1310 claudunt
1026 1247 1185 1329 ergastula
1200 1267 1337 1324 sacrum,

452 1343 549 1406 Arcta
563 1356 747 1408 catenarum
763 1347 987 1427 constringunt
1002 1347 1108 1411 vincla
1121 1349 1269 1412 lacertos.

454 1445 591 1508 Necnon
607 1457 640 1510 et
653 1448 771 1510 collum
787 1459 922 1512 nectunt
936 1468 1010 1511 cum
1026 1468 1115 1512 crure
1129 1448 1276 1530 gemello.

375 1575 379 1580 -
453 1545 543 1609 Ecce
557 1560 687 1630 repente
702 1548 777 1631 pius
791 1549 928 1614 nodatos
943 1550 1060 1614 arbiter
1070 1560 1158 1615 anus

452 1645 560 1730 Eripit
573 1659 607 1712 et
621 1650 768 1735 chalybis
782 1673 861 1715 mox
876 1652 987 1716 stricta
1001 1651 1154 1734 ligamina
1168 1654 1263 1736 rupit.

453 1748 550 1813 Porro
565 1771 640 1816 cum
654 1763 804 1817 sanctum
820 1753 943 1818 nodoso
959 1754 1075 1817 vimine
1091 1755 1182 1818 miles

452 1848 590 1916 cederat
602 1854 770 1933 infaustus,
784 1855 879 1919 rubro
895 1857 950 1939 qui
966 1857 1122 1937 sauguine
1137 1854 1266 1939 gaudet,

453 1951 519 2015 Sed
533 1954 649 2018 mirum
664 1955 764 2036 dictu,
778 1970 975 2041 sceptrorum
991 1957 1091 2039 flagra
1105 1959 1218 2023 beatus

456 2053 580 2119 lctibus
593 2058 713 2140 argutis
727 2067 846 2141 martyr
858 2080 924 2122 non
939 2060 1039 2123 sensit
1053 2061 1179 2138 acerba,

454 2155 539 2227 Quin
554 2157 620 2222 imo
634 2171 671 2222 ut
683 2160 802 2244 pluma
817 2161 1012 2226 mollescunt
1027 2163 1144 2226 vimina
1157 2169 1271 2226 sancto

454 2259 556 2324 lenia
570 2282 632 2325 ceu
647 2261 757 2327 viridis
769 2264 920 2328 lentescit
933 2284 1076 2348 papyrus
1090 2285 1203 2340 arnne;

454 2359 610 2425 Claudius
624 2363 676 2426 bis
691 2363 792 2448 signis
802 2375 1017 2449 compunctus
1033 2364 1171 2430 credidit
1184 2366 1278 2442 ultro,

454 2463 664 2546 Septuaginta
678 2466 763 2529 viros
778 2479 968 2530 convertens
983 2466 1132 2548 dogmate
1147 2467 1244 2544 claro,

455 2564 545 2655 Fecit
557 2565 711 2649 baptismi
725 2567 853 2650 purgari
869 2568 991 2650 gurgite
1007 2589 1135 2631 mersos.

454 2666 656 2751 Quapropter
669 2669 765 2732 rubro
779 2669 925 2753 perfusos
939 2668 1105 2751 sanguinis
1119 2679 1216 2745 ostro,

453 2770 551 2833 Miles
565 2768 608 2833 ad
622 2770 789 2835 ratherium
805 2772 926 2835 sanstus
940 2771 1093 2855 perduxit
1109 2772 1293 2854 Olympum.

454 2870 543 2943 Quos
556 2870 651 2934 simul
666 2872 827 2935 obstruxit
841 2872 918 2935 felix
932 2873 1088 2956 spelunca
1103 2872 1257 2955 sepultos,

452 2970 580 3035 Lucida
594 2984 757 3056 perpetua
772 2972 894 3037 risuros
910 2974 1041 3056 praernia
1057 2974 1139 3037 ritae.

454 3074 517 3137 His
530 3095 679 3137 convexa
692 3074 760 3157 poli
774 3074 886 3138 merito
902 3076 1112 3139 lustrantibus
1127 3077 1201 3154 alta,

454 3175 552 3239 Daria
566 3198 641 3241 cum
655 3176 737 3239 duro
752 3178 871 3259 patitur
886 3188 1044 3241 tormenta
1060 3178 1252 3263 Chrysanto,

455 3278 594 3361 Impiger
607 3289 658 3341 ast
671 3278 726 3341 ille
741 3279 870 3343 strictus
884 3280 1049 3344 molimine
1065 3281 1136 3344 ferri

455 3378 607 3442 Truditur
619 3379 654 3443 in
669 3381 816 3443 tenebras
830 3382 952 3445 laturus
967 3382 1102 3446 carceris
1117 3395 1211 3461 atras,

455 3479 577 3544 Lurida
591 3502 655 3563 quo
670 3480 808 3563 putridis
822 3482 987 3547 fluxerunt
1001 3496 1141 3547 stercora
1155 3483 1245 3567 ripis,

456 3584 595 3647 Nectare
610 3582 668 3647 sed
683 3583 776 3646 soetor
790 3582 888 3662 cadit,
903 3605 963 3647 ceu
978 3584 1049 3648 luce
1064 3585 1202 3647 latebrae.

454 3684 606 3748 Traditur
618 3685 739 3749 interea
753 3686 915 3749 sceleratis
929 3684 1030 3749 Daria
1045 3686 1176 3748 scortis:

456 3786 671 3851 Prostibulum
686 3787 822 3851 moechae
837 3797 1006 3871 penetrans
1020 3786 1089 3851 sine
1101 3786 1234 3851 crimine
1249 3806 1352 3861 sarran,

456 3888 521 3952 Sed
534 3890 587 3951 leo
601 3887 642 3951 de
657 3890 804 3953 claustris
819 3888 1019 3973 rugibundus
1034 3888 1168 3952 mittitur
1182 3886 1288 3963 arctis,

456 3990 624 4073 Virgineos
638 4002 725 4055 amus
740 4000 826 4055 tutos
842 4012 964 4054 serrare
979 3991 1115 4075 puellm:

456 4091 490 4154 si
504 4092 677 4175 qnisquam
692 4106 825 4176 cuperet
839 4105 988 4156 sanctum
1004 4104 1156 4155 temerare
1172 4090 1339 4175 pudorem,

455 4193 612 4256 Gestibus
627 4194 790 4258 obscoeuis
801 4205 1003 4259 contrectans
1018 4214 1135 4276 corpus
1150 4193 1337 4255 honestum:

457 4296 572 4358 Arcam
588 4315 649 4358 ceu
664 4296 824 4379 quondam
840 4296 1012 4379 probrosus
1027 4294 1161 4375 contigit
1171 4294 1252 4369 Oza,

455 4395 606 4460 Protinus
620 4408 788 4479 oppeteret
802 4397 956 4460 confusus
972 4396 1075 4459 fronte
1090 4396 1249 4478 petulcus,

454 4497 605 4562 Rictibus
619 4509 652 4562 et
665 4497 769 4563 rabidi
785 4519 931 4563 corrosus
947 4496 1042 4560 dente
1058 4496 1161 4560 leonis

458 4599 614 4663 Ultricem
629 4620 760 4683 prauam
776 4600 906 4664 sentiret
920 4609 1021 4663 morte
1037 4598 1154 4661 serina:
