3759 5425
444 695 507 754 206

698 713 742 758 nn
756 709 841 758 00Το
858 707 1115 758 Pntucrrnttnus
1128 709 1238 756 Vl'l'llS.

526 861 676 926 Nectaris
691 861 812 928 idcirco
826 864 1003 927 contemnit
1017 865 1138 947 pocula
1151 862 1264 939 mulsa,

527 962 633 1046 Atque
648 965 802 1048 opulenta
815 965 898 1045 fugit
911 985 971 1048 pro
986 964 1114 1029 Christo
1130 963 1252 1027 fercula
1265 961 1364 1044 virgo,

526 1063 703 1146 Virginitas
718 1064 796 1128 felix
814 1076 911 1149 queat
925 1076 962 1129 ut
977 1066 1093 1129 servire
1107 1064 1259 1129 Tonanti.

528 1163 619 1227 Exin
636 1177 796 1230 certamen
813 1177 994 1250 stuprorum
1008 1169 1095 1231 bella
1109 1165 1289 1230 secundum

528 1265 657 1330 Blanda
670 1268 756 1331 cient
769 1280 856 1332 ceste
871 1268 1000 1333 Christo
1015 1269 1243 1332 famulantibus
1257 1267 1332 1330 alto.

529 1366 648 1430 Verum
663 1368 829 1450 virginitas
843 1378 1020 1432 scortorum
1036 1379 1123 1432 casta
1137 1370 1273 1450 lupanar

528 1465 709 1532 Conculcat
723 1470 865 1552 pedibus
877 1465 962 1534 creni
976 1469 1114 1534 faetentis
1129 1469 1171 1532 ed
1186 1467 1303 1532 instar:

528 1567 585 1630 Ex
599 1569 663 1633 hoc
676 1581 852 1634 nascuntur
865 1581 1009 1635 monstro
1022 1571 1209 1654 turpissima
1222 1571 1328 1642 rerba,

529 1669 669 1733 Necnon
683 1671 869 1751 scurrilitas,
884 1687 918 1736 et
931 1691 1038 1738 scaevo
1052 1671 1179 1736 ludicra
1194 1683 1297 1754 gestu,

528 1767 684 1849 Frivolus,
699 1780 732 1833 et
745 1772 845 1836 fnllax
860 1793 961 1850 amor,
976 1795 1013 1838 ac
1028 1773 1208 1858 petulantia
1221 1775 1331 1846 luxus.

531 1868 561 1931 0
577 1878 716 1952 quantos
730 1873 884 1955 qualesve
897 1875 993 1951 viros,
1008 1884 1041 1939 et
1054 1873 1151 1938 leude
1165 1874 1321 1937 celebres.

530 1971 615 2034 Haec
631 1973 768 2038 Bellona
778 1975 871 2039 ferox
885 1977 946 2040 sub
962 1975 1064 2040 tristia
1077 1975 1211 2040 Tartara
1224 1968 1334 2036 tmsit!

529 2071 718 2154 Virgineum
734 2073 868 2139 demens
882 2077 1054 2159 strophosa
1067 2075 1177 2140 frende
1191 2071 1388 2156 triumphum
1402 2069 1409 2133 !

532 2172 609 2235 Non
624 2173 672 2237 sic
687 2176 847 2256 egregiam
864 2176 989 2240 virtutis
1004 2176 1136 2261 perdere
1151 2177 1290 2260 palmam

532 2273 649 2338 Forma
662 2277 838 2340 venustatis
851 2278 949 2341 valuit
963 2279 1155 2360 compellere
1168 2274 1305 2359 loseph,

532 2373 598 2447 Qui
612 2374 777 2440 dominam
793 2378 912 2460 sprevit
925 2387 1109 2442 nectentem
1123 2377 1202 2441 retia
1215 2378 1324 2448 luxus,

533 2475 579 2538 Et
592 2486 737 2559 stuprum
752 2477 879 2560 fugiens
893 2479 982 2562 pepli
998 2477 1158 2542 velamina
1171 2476 1282 2561 liquit:

533 2575 664 2641 Idcirco
677 2579 755 2642 felix
770 2581 886 2643 meruit
898 2581 1114 2664 Memphitica
1128 2591 1267 2663 sceptra,

532 2677 638 2750 Quem
654 2689 742 2744 totus
756 2681 916 2745 celebrem
931 2691 1084 2745 terrarum
1100 2679 1257 2765 prsedlcst
1271 2678 1366 2743 orbis.

534 2778 624 2850 Quid
638 2780 773 2843 referem
786 2779 901 2845 Jnditb
917 2800 1072 2863 generosa
1086 2781 1184 2865 stirpe
1200 2790 1348 2855 creatam,

535 2879 753 2944 Prostibulum
769 2882 854 2963 regis
868 2890 1064 2947 temnentem
1079 2892 1208 2966 pectore
1224 2901 1317 2965 puro,

533 2979 579 3043 Et
593 2990 738 3066 stuprum
752 2983 883 3047 sceleris
898 2985 1080 3048 calcantem
1095 2982 1193 3047 corde
1207 2981 1388 3065 profanum,

534 3082 670 3146 Civibus
683 3082 805 3147 idcirco
820 3084 931 3148 mortis
945 3083 1130 3150 discrimina
1143 3083 1259 3169 passis,

534 3181 635 3247 Casta
649 3194 849 3248 cruentatum
866 3186 1001 3265 gestavit
1015 3188 1110 3267 vulgo
1126 3194 1291 3267 tropeum,

536 3283 699 3365 {ntegrum
715 3304 846 3347 servans
860 3283 979 3349 devota
993 3296 1101 3349 mente
1116 3283 1283 3369 pudorem.

535 3382 591 3447 Sic
608 3383 722 3447 vitium
736 3383 842 3448 cernis
856 3386 983 3469 polluta
999 3384 1092 3449 sorde
1108 3386 1256 3449 nocentis

537 3490 710 3571 Integrites
723 3489 809 3552 elme
825 3490 1001 3554 contemnit
1016 3500 1107 3555 casta
1120 3490 1292 3575 triumpho,

534 3592 663 3655 AEmula
678 3590 829 3671 virgineis
844 3592 1036 3674 proturbans
1050 3592 1136 3655 bella
1151 3591 1286 3673 sagittis,

537 3691 659 3755 Lurida
671 3692 843 3775 prostibuli
857 3714 899 3755 ne
914 3693 1018 3776 possit
1032 3714 1158 3776 serpere
1173 3694 1260 3755 virus

537 3795 577 3856 ln
592 3792 690 3856 fibras
705 3793 835 3873 fragiles
849 3793 1015 3858 succensis
1029 3806 1112 3858 torre
1127 3792 1284 3858 medullis.

581 3895 660 3959 Post
674 3895 871 3979 philargyria
883 3892 1036 3977 producit
1049 3894 1141 3958 tertia
1154 3896 1289 3973 bellum,

537 3998 765 4080 interpretatur
778 3996 891 4060 citium
906 3995 992 4080 quod
1007 3998 1088 4061 forte
1103 3995 1232 4081 cupido.

538 4100 620 4163 Haec
635 4097 763 4163 ductrix
778 4120 897 4183 pugne
913 4099 1048 4182 stipatur
1062 4099 1163 4163 milite
1183 4096 1293 4162 denso.

537 4200 613 4263 Non
629 4200 699 4263 sola
713 4197 855 4282 graditur
867 4218 926 4281 per
939 4198 1071 4280 publica
1085 4207 1183 4262 strata
1196 4196 1366 4281 pedestris,

538 4304 636 4365 Arma
650 4310 782 4365 cruenta
795 4300 909 4377 ferens,
924 4310 957 4363 et
971 4298 1097 4382 spicula
1111 4300 1168 4363 lita
1182 4321 1317 4364 veneno.

538 4401 621 4464 Haec
637 4402 773 4466 comites
786 4419 913 4485 pravos,
928 4398 1014 4463 idest
1028 4398 1196 4464 mendacia
1211 4401 1310 4480 mille,

538 4501 681 4565 Fraudcs
696 4514 730 4564 et
744 4502 839 4579 fures,
853 4521 892 4565 ac
907 4501 996 4565 falsis
1011 4500 1121 4564 frivole
1136 4500 1243 4582 gestis,
