3759 5425
655 722 812 769 amorosa
827 724 872 769 so
886 721 1066 781 uolucrum,
1083 721 1155 769 arc.
1364 709 1428 767 2⁷⁷

376 873 483 937 Verba
505 895 633 960 quoque
655 886 720 939 tam
741 876 853 958 primae
869 874 1107 961 conjugationis
1129 894 1226 957 quam
1241 872 1342 937 tertiae
1357 894 1426 938 cor-

374 983 475 1057 reptae
489 976 559 1059 pari
574 975 761 1040 conditione
776 985 980 1053 concurrunt,
994 984 1030 1039 ut
1044 995 1135 1053 voco,
1149 984 1234 1051 veto,
1243 975 1326 1053 levo,
1340 995 1427 1054 seco,

374 1094 467 1153 neco,
489 1086 578 1159 poto,
600 1098 692 1151 cavo,
715 1076 785 1154 lito,
806 1095 892 1153 roro,
914 1096 1010 1158 nego,
1028 1095 1112 1153 amo,
1126 1073 1217 1151 frico,
1238 1075 1337 1158 plico,
1351 1072 1426 1139 dico

375 1173 467 1239 dicas
482 1176 580 1254 dicat,
595 1186 743 1261 correpta
756 1177 952 1262 penultima3
974 1188 1011 1240 ut
1023 1186 1138 1261 poeta:

517 1281 602 1349 Virgo
614 1281 702 1335 Maria
713 1283 761 1335 tibi
773 1282 864 1335 Sixtus
875 1300 944 1335 nora
955 1280 1054 1354 templs
1065 1280 1149 1335 dicavi

375 1374 463 1457 quod
484 1385 534 1439 ast
555 1378 667 1459 primae
688 1376 931 1461 conjugationis.
976 1379 1037 1442 Ast
1050 1399 1125 1442 vero
1147 1378 1220 1442 dico
1242 1377 1326 1443 dicis
1346 1379 1426 1445 dicit

372 1477 485 1555 tertiae,
499 1478 555 1541 ubi
570 1479 750 1562 penultima
764 1478 968 1563 producitur:

516 1574 611 1627 Dicitis
623 1574 744 1643 agricolis
754 1576 891 1644 oculisque
902 1576 992 1629 venire
1003 1573 1150 1645 fragosam.

372 1672 466 1750 Paro,
481 1693 546 1750 aro,
562 1694 671 1758 crepo,
686 1692 778 1752 sono,
791 1683 881 1752 tono,
903 1694 998 1751 novo,
1012 1674 1097 1752 cibo,
1112 1674 1211 1749 cubo,
1234 1676 1312 1757 ligo,
1326 1676 1422 1755 mico,

372 1794 458 1850 creo,
471 1794 556 1851 meo,
569 1774 643 1849 beo,
658 1775 739 1855 rigo,
753 1775 821 1852 lito,
835 1775 921 1852 labo,
935 1774 1020 1852 loco,
1034 1795 1124 1856 rogo,
1132 1774 1225 1858 jugo,
1235 1776 1323 1858 fugo,
1336 1778 1424 1857 labo,

371 1894 447 1937 nam
462 1872 567 1937 differt
582 1896 602 1938 a
615 1876 691 1939 labo
708 1874 795 1959 quod
810 1884 859 1939 est
872 1884 963 1953 nuto,
977 1884 1011 1938 et
1031 1875 1104 1938 lavo
1119 1876 1259 1939 activum
1273 1885 1333 1956 est,
1347 1878 1422 1941 labo

371 1986 530 2051 neutrum,
543 1982 626 2055 roto,
640 1976 708 2062 pio,
721 1974 787 2053 hio,
799 1974 891 2059 cujus
904 1975 1170 2059 frequentativum
1179 1976 1231 2039 vel
1240 1977 1421 2041 iterativum

372 2088 422 2141 est
434 2076 522 2141 hieto
537 2076 639 2141 hietas
652 2076 772 2154 hietat3
793 2086 827 2141 et
840 2076 1060 2141 inchoativum
1080 2076 1173 2141 hisco
1192 2076 1292 2141 hiscis
1306 2078 1421 2157 hiscit3

371 2178 479 2258 domo,
493 2190 580 2259 nato,
595 2200 701 2262 gravo,
716 2181 829 2264 pmbo,
838 2179 931 2264 jugo,
946 2180 1029 2261 gelo,
1043 2177 1130 2242 uude
1148 2189 1198 2243 est
1213 2181 1420 2261 congelasco,

371 2281 466 2343 volo:
498 2282 572 2343 volo
594 2292 660 2344 tarn
681 2281 817 2345 volantis
831 2299 928 2363 quam
943 2280 1080 2343 volentis
1093 2300 1265 2363 personam
1287 2279 1420 2345 demon·

370 2391 484 2458 straus,
499 2380 540 2444 ad
555 2381 775 2464 pyrrhichium
790 2381 948 2465 pertinere
963 2377 1160 2455 declaratum
1181 2389 1230 2442 ut:

679 2477 790 2532 volitans
799 2496 844 2551 per
855 2483 974 2549 tempore
984 2474 1103 2529 muudus.

371 2568 470 2631 Item:

686 2672 714 2721 et
725 2665 799 2740 plura
809 2663 939 2719 volentem

475 2751 571 2804 Dicere
583 2751 705 2804 deseruit.

367 2847 471 2932 capo,
487 2847 580 2926 cado,
596 2848 707 2926 fremo,
728 2868 833 2930 gemo,
847 2847 926 2924 sero,
948 2867 1034 2930 gero,
1048 2854 1126 2926 tero,
1148 2868 1231 2925 sero,
1245 2848 1328 2927 sino,
1343 2868 1416 2931 ago,

369 2959 466 3027 meto,
489 2961 576 3032 peto,
602 2961 687 3031 teg0‚
711 2951 794 3028 colo,
808 2950 897 3028 bibo,
921 2971 1010 3033 rego,
1024 2950 1108 3032 lego,
1132 2950 1235 3029 traho,
1258 2950 1314 3029 fio,
1337 2951 1418 3031 scio,

366 3049 454 3114 uude
471 3050 604 3113 exscire.
659 3052 774 3128 Vomo,
797 3052 887 3135 pluo,
909 3072 1001 3135 spuo,
1024 3059 1057 3115 et
1077 3073 1210 3132 monuo,
1229 3052 1319 3136 juro,
1333 3073 1418 3133 meo,

367 3171 453 3231 creo,
468 3151 541 3231 beo,
557 3171 652 3235 queo,
667 3150 743 3226 fluo,
755 3153 821 3229 luo,
836 3173 905 3229 ruo,
921 3152 1007 3231 atrio,
1021 3154 1147 3238 loquor,
1155 3174 1278 3238 precor,
1289 3175 1418 3238 sequor,

367 3272 492 3336 queror,
516 3272 597 3328 reor,
620 3252 717 3330 fruor,
742 3273 856 3315 moror.
909 3255 1018 3318 Verba
1051 3255 1169 3318 similia
1197 3253 1357 3320 defectiva
1381 3257 1416 3321 iu

365 3353 448 3417 hanc
471 3353 612 3434 regulam
640 3355 845 3437 copulantur,
864 3365 901 3419 ut
921 3355 1013 3432 libet,
1037 3356 1154 3438 placet,
1178 3356 1278 3440 piget,
1302 3357 1414 3440 pudet,

359 3455 463 3539 juvat,
478 3454 582 3534 decet,
596 3455 707 3539 liquet,
721 3456 806 3519 licet.

410 3555 453 3617 D.
475 3555 565 3636 Ergo
580 3554 734 3639 praedicta
748 3555 846 3619 verba
867 3554 1009 3618 confusa
1031 3554 1279 3639 coujugationis,
1293 3577 1365 3640 quae
1379 3557 1415 3620 in

364 3677 385 3718 o
396 3655 519 3719 literam
532 3656 749 3733 terminantur,
759 3675 885 3740 semper
899 3654 940 3719 ad
952 3655 1173 3738 pyrrhichium
1187 3655 1413 3739 pertinebunt?

362 3758 456 3821 —M.
479 3759 613 3830 Quoties
628 3757 735 3822 finalis
750 3759 874 3839 syllaba
888 3757 1065 3842 corripitur,
1078 3759 1191 3840 procul
1217 3756 1317 3822 dubio
1340 3780 1414 3843 pyr·

364 3858 507 3923 rhichius
523 3867 706 3939 generatur;
729 3867 779 3922 ut:

505 3953 579 4009 Malo
590 3972 694 4009 mauors
706 3957 794 4024 niger:
813 3956 898 4009 minus
908 3954 1002 4008 ultime
1012 3953 1069 4008 fata
1079 3954 1195 4009 verebor.

385 4045 396 4082 r
421 4068 428 4082 .

365 4045 428 4109 U·
504 4142 563 4196 Nec
574 4161 639 4212 gero
650 4159 747 4211 magus
759 4141 847 4206 simul,
859 4141 906 4194 sed
917 4157 1030 4210 congero
1043 4139 1126 4194 mults
1137 4141 1259 4194 vimssim.

360 4233 406 4296 Et
418 4232 548 4296 iterum:

502 4330 572 4383 Nolo
584 4328 701 4403 sepulcra
712 4330 777 4402 pati,
789 4331 842 4382 scio
854 4346 896 4381 me
908 4328 1076 4398 submergere
1087 4335 1173 4382 terrae.

362 4427 396 4492 Si
412 4448 487 4491 vero
509 4427 623 4492 eadem
646 4426 771 4509 syllaba
784 4424 984 4510 producitur,
999 4426 1126 4489 iambus
1148 4424 1325 4492 certissime
1339 4450 1412 4514 pro·

364 4539 507 4606 creatur3
530 4537 566 4591 ut
579 4526 748 4610 Virgilius:

505 4626 692 4696 Ascraeumque
705 4642 770 4679 cano
785 4626 905 4679 Romans
917 4640 963 4695 per
975 4624 1072 4696 oppida
1082 4643 1195 4680 carmen.
