3759 5425
631 717 674 762 ns
689 717 856 766 muoraus
869 718 1107 767 vruorrurarrs.
1359 705 1399 766 tl
1441 697 1445 703 ’

346 869 556 933 caeremonias
582 881 771 952 vergeretur,
793 893 872 936 mox
896 873 1075 957 imperante
1097 873 1253 954 Augusto,
1275 873 1318 938 ad
1344 895 1399 938 ca·

344 967 500 1032 lumniam
522 971 690 1054 pontilicis
715 985 748 1037 et
768 974 932 1038 infamiam
956 976 1043 1054 cleri,
1065 976 1158 1038 boias
1185 975 1220 1038 in
1252 975 1349 1055 eollo,
1369 987 1403 1040 et

346 1070 520 1154 compedes
533 1073 568 1135 in
589 1074 734 1139 cruribus
753 1085 897 1140 nectunt
940 1078 1082 1160 Insuper
1100 1076 1271 1159 exquisitis
1289 1097 1402 1158 poena·

345 1191 414 1234 rum
445 1175 712 1240 machinamentis
741 1180 973 1243 sacratissimos
1001 1179 1136 1243 viventis
1171 1177 1287 1243 hostire
1316 1187 1403 1242 artus

345 1274 463 1337 acriter
492 1275 681 1356 dilacerant,
704 1299 764 1343 nec
795 1301 861 1343 non
892 1291 927 1344 et
954 1294 1018 1345 tres
1048 1301 1216 1362 germanos
1238 1281 1402 1363 puerulos,

345 1394 429 1456 quos
452 1377 596 1460 Babylas
621 1379 681 1442 sub
711 1378 893 1464 disciplinas
915 1380 1108 1466 paedagogio
1137 1381 1324 1464 regulariter
1352 1383 1400 1444 in-

347 1475 519 1540 struendos
548 1492 730 1562 acceperat,
760 1481 801 1544 ad
830 1483 914 1564 regis
941 1482 1146 1566 praesentiam
1177 1483 1272 1546 simul
1304 1483 1401 1547 intro·

346 1574 485 1654 ducunt,
516 1598 599 1660 quos
626 1581 803 1664 Imperator
831 1583 912 1647 mira
941 1583 1019 1646 fidei
1049 1583 1229 1647 constantia
1249 1585 1401 1664 munitos,

346 1697 422 1740 cum
449 1681 617 1744 verborum
639 1683 835 1764 argumentis
857 1684 965 1748 fallere
988 1686 1145 1769 nequiret,
1167 1686 1307 1749 cruentis
1333 1707 1399 1750 ver·

345 1780 459 1843 berum
489 1781 609 1846 ictibus
634 1787 785 1868 vapulare
815 1788 979 1870 praecepit.
1025 1787 1170 1851 Cernens
1194 1799 1301 1852 autem
1325 1788 1401 1851 turi·

345 1882 479 1946 bundas
500 1885 652 1969 princeps
674 1887 827 1951 invictam
852 1890 1058 1971 parvulorum
1082 1889 1306 1965 constantiam,
1326 1910 1399 1972 per·

345 1997 516 2052 cunctatur
538 1991 755 2054 venerandum
778 1993 959 2075 praesidem,
974 2003 1080 2055 utrum
1101 1990 1160 2054 lilii
1179 1991 1230 2054 sui
1249 1990 1403 2055 veraciter

344 2101 463 2169 essent,
495 2092 550 2175 qui
588 2092 791 2175 respondisse
828 2095 965 2176 legitur:
1011 2093 1087 2157 Filii
1122 2092 1186 2155 mei
1216 2113 1288 2156 vere
1325 2103 1400 2156 sunt

345 2191 526 2256 secundum
550 2195 669 2272 Deum,
691 2197 856 2259 mulierem
878 2207 985 2261 autem
1013 2217 1119 2259 eoram
1141 2195 1214 2258 Deo
1235 2216 1309 2258 meo
1333 2217 1401 2259 non

346 2294 499 2377 cognovi,
514 2315 557 2359 ex
573 2317 638 2380 quo
653 2305 747 2360 natus
764 2318 843 2362 sum.
889 2299 974 2361 Tum
993 2308 1120 2362 sanctas
1136 2297 1277 2380 Babylas
1293 2296 1400 2359 decol-

343 2397 434 2461 landi
449 2397 581 2461 sortitus
603 2401 804 2478 sententiam,
820 2421 894 2464 cum
915 2400 1016 2463 tribus
1030 2400 1168 2462 alumnis
1189 2399 1294 2483 capite
1314 2410 1402 2462 trun·

346 2509 448 2576 catur,
464 2508 499 2562 et
513 2499 619 2562 rubris
633 2521 784 2564 venarum
800 2501 910 2564 rivulis
925 2517 1074 2564 sacratur.

388 2601 550 2664 XXXIV.
576 2601 641 2666 Sed
668 2613 699 2666 et
723 2623 827 2687 operae
852 2604 993 2687 pretinm
1018 2623 1099 2677 reor,
1119 2613 1155 2664 ut
1178 2602 1404 2666 celeberrimos

346 2701 501 2787 spiritalis
510 2702 635 2766 militia
649 2703 830 2783 bellatores,
840 2712 873 2767 ct
887 2703 1030 2770 scelestis
1044 2700 1215 2766 medicinas
1231 2701 1404 2767 archiatros

347 2800 513 2882 Cosmam,
529 2814 562 2867 et
576 2804 769 2869 Damianum
791 2827 999 2891 nequaquam
1014 2806 1055 2869 ab
1078 2804 1230 2868 historica
1243 2804 1403 2886 virginum

345 2904 502 2968 relatione
524 2905 721 2985 dirimentes,
743 2909 830 2971 velut
850 2907 1004 2987 indignos
1026 2916 1215 2970 caeterorum
1241 2907 1403 2971 consortio

346 3016 596 3090 sequestremus,
618 3030 700 3092 quos
723 3010 756 3072 in
780 3032 920 3094 superno
944 3010 1180 3093 Hierosolyma}
1201 3008 1404 3093 municipatu

346 3106 603 3188 predestinatos,
622 3120 655 3172 et
677 3110 814 3174 aethralis
837 3112 1007 3174 literaturae
1029 3112 1104 3174 albo
1125 3110 1314 3196 descriptos,
1329 3133 1403 3175 cnm

347 3208 514 3292 praedictis
540 3213 867 3297 commanipularibus
891 3210 1094 3277 laetabundos
1117 3211 1187 3277 fore
1213 3213 1406 3279 fiducialiter

347 3310 552 3376 confidimus.
597 3314 813 3397 Temporibus
841 3334 983 3397 namque
1009 3313 1209 3378 Diocletiani
1237 3325 1270 3378 et
1293 3315 1404 3379 Maxi-

346 3414 457 3492 miani,
483 3414 668 3499 olympiade
692 3415 912 3480 ducentesima
934 3416 1136 3499 sexagesima
1158 3416 1304 3499 septima,
1329 3437 1403 3479 oum

348 3513 464 3577 edictis
486 3514 673 3579 crudelibus
695 3515 865 3580 catholicae
888 3515 965 3579 fidei
992 3518 1140 3591 cultores,
1164 3538 1247 3599 quos
1269 3515 1404 3579 Christi·

348 3615 438 3679 colas
461 3626 495 3679 et
524 3617 701 3681 crucicolas
731 3619 975 3701 nuncupabant,
996 3617 1039 3680 ad
1066 3614 1315 3681 thurificandum
1341 3625 1403 3676 sta·

348 3718 490 3781 tanculis
505 3718 719 3783 Ethnicorum
735 3731 941 3801 cogerentur:
981 3720 1136 3782 Nolentes
1156 3728 1261 3781 antem
1277 3724 1403 3799 aposta-

349 3830 426 3897 tare,
450 3819 484 3882 id
511 3830 572 3899 est,
597 3820 638 3884 ad
669 3823 837 3906 apostasiae
860 3824 1060 3887 volutabmm
1090 3821 1210 3900 reverti,
1236 3820 1404 3904 capitalem

348 3922 508 4005 compulsi
524 3934 599 3987 sunt
614 3924 720 3987 subire
736 3926 938 4003 sententiam,
949 3946 1013 4008 qua
1028 3933 1216 4007 tempestate
1231 3922 1405 4005 praedictos

349 4021 472 4087 Christi
494 4025 684 4107 tyrunculos
704 4025 855 4107 religiosa
877 4025 1023 4107 genetrix
1045 4023 1199 4107 gemellos
1223 4025 1321 4087 enixa
1346 4035 1406 4100 est,

349 4124 404 4207 qui
419 4123 618 4208 pedetentim
633 4125 667 4187 in
683 4126 860 4210 pubertatis
874 4124 1050 4209 primordio
1069 4124 1290 4187 instmmentia
1303 4122 1405 4186 medi·

350 4224 510 4289 cinalibus
524 4226 653 4303 imbuti,
668 4236 733 4289 tam
749 4227 948 4291 valetudines
962 4225 1223 4309 hydropicorum,
1238 4233 1270 4287 et
1284 4226 1406 4288 melan-

349 4324 471 4389 cholias
500 4327 672 4405 viscerum,
702 4347 799 4411 quam
829 4324 1107 4390 incommoditates
1137 4323 1313 4387 animarum
1346 4345 1406 4409 per

349 4429 480 4492 coeleste
510 4429 711 4511 cataplasma
740 4430 904 4493 curabant.
949 4426 1062 4489 Visum
1091 4426 1217 4490 scilicet
1244 4426 1351 4504 caecis,
1373 4433 1407 4488 et

350 4532 509 4614 malagma
524 4530 802 4612 monophthalmis
821 4528 1047 4613 impertiendo,
1062 4528 1161 4591 mutis
1181 4524 1405 4591 tacitmnitatis
