3759 5425
650 700 805 747 emarcus
821 702 864 747 ro
878 698 1059 758 scrucrurr,
1078 698 1149 745 arc.
1358 684 1421 743 225

371 850 486 915 diurna
500 858 533 916 et
547 862 704 918 nocturna
717 854 865 918 horarum
881 854 1049 917 intervalla
1067 852 1189 941 quibus?
1204 848 1423 914 indesinenter

371 954 464 1036 quasi
474 953 635 1038 quoddam
651 954 838 1037 reipublice
852 954 991 1035 vectigal
1007 962 1040 1016 et
1056 951 1165 1016 fiscale
1179 952 1334 1015 tributum
1352 971 1421 1015 ora·

370 1054 495 1116 tionum
508 1055 614 1118 officia
625 1055 847 1139 persolvimus,
859 1064 995 1139 septena
1010 1073 1171 1137 synaxeos
1183 1051 1424 1135 intercapedine

370 1156 514 1218 revoluta
528 1165 682 1221 rotantur.
727 1156 825 1221 Unde
840 1177 910 1219 reor
928 1154 1199 1239 psalmigraphum
1215 1162 1318 1217 vatem
1337 1152 1422 1215 ceci-

371 1258 461 1319 nisse
480 1256 549 1335 [Ps.
565 1257 686 1321 cxlviii.
703 1256 749 1337 ·2.]
768 1256 895 1339 Septies
909 1256 944 1318 in
962 1254 1015 1319 die
1029 1253 1158 1318 laudem
1172 1252 1243 1316 dixi
1263 1252 1333 1316 tibi.
1377 1253 1423 1315 Et

371 1356 451 1420 alibi
475 1356 619 1441 ejusdem
643 1357 822 1421 Psalmistae
849 1366 1053 1419 sacrosancta
1081 1375 1263 1418 sermonum
1292 1355 1424 1418 oracula

369 1456 510 1540 prefata
530 1457 748 1540 supputationi
763 1478 828 1520 non
853 1456 1017 1520 dissonam
1039 1456 1200 1538 protulere
1222 1455 1423 1532 sententiam,

372 1557 448 1621 dum
479 1558 607 1641 eloquia
629 1558 763 1621 Domini
793 1556 920 1641 eloquia
942 1565 1048 1621 castra
1068 1555 1284 1619 meracissimo
1305 1554 1422 1639 liquidi

372 1659 496 1740 argenti
511 1659 640 1722 metallo
656 1658 743 1743 quod
757 1679 814 1742 per
827 1658 939 1721 torridi
953 1657 1038 1738 ignis
1061 1656 1284 1720 conflatorium
1298 1665 1422 1720 remota

370 1759 534 1845 squalenti
549 1760 720 1823 scoriarum
744 1759 891 1841 rubigine
912 1759 1062 1843 septuplo
1076 1757 1202 1840 expiari
1223 1756 1423 1841 perhibetur,

373 1860 536 1924 simillima
551 1860 721 1923 collatione
738 1868 906 1941 coaptasse
926 1868 1111 1922 noscuntur.
1158 1857 1326 1921 Seculares
1340 1878 1423 1941 quo·

374 1982 436 2045 que
451 1970 484 2024 et
498 1960 656 2025 forasticoe
671 1959 934 2045 philosophorum
954 1960 1135 2044 disciplina
1153 1959 1288 2023 totidem
1303 1981 1425 2045 suppu-

373 2062 531 2125 tationum
546 2063 690 2146 partibus
701 2061 853 2127 calculari
869 2071 1050 2138 cemuntnr,
1064 2060 1274 2125 Arithmetica
1290 2061 1424 2139 scilicet,

374 2163 588 2241 Geometrica,
610 2165 750 2239 Musica,
773 2163 987 2240 Astrouomia,
1005 2163 1197 2245 Astmlogia,
1218 2161 1425 2240 Mechauica,

374 2262 549 2327 Medicina.
592 2264 659 2329 Sed
680 2264 894 2329 anniversaria
914 2274 1093 2347 temporum
1108 2262 1306 2341 vicissitudo,
1327 2285 1423 2348 quam

373 2366 544 2431 Psalmista
554 2388 706 2431 coronam
716 2364 923 2447 benignitatis
937 2362 1113 2428 introducit
1128 2363 1257 2427 Divinas
1270 2365 1423 2429 benedic·

373 2471 470 2534 tionis
481 2471 624 2533 ubertate
635 2470 874 2555 locupletatam,
885 2464 993 2530 n'oune
1003 2465 1091 2529 binis
1105 2479 1139 2529 et
1149 2466 1321 2549 quinquies
1332 2466 1425 2530 denis

374 2570 647 2635 hebdomadarum
662 2569 877 2632 voluminibus
894 2578 926 2630 et
941 2567 1109 2649 reciproco
1124 2566 1316 2630 circulorum
1332 2571 1425 2632 verti·

375 2672 448 2754 gine
452 2671 577 2758 jugiter
588 2668 727 2734 rotatur?
759 2670 831 2733 Nec
843 2668 912 2753 ipsa
922 2688 1061 2752 superna
1070 2666 1270 2751 caelestisque
1282 2680 1425 2734 creatura

374 2773 607 2858 hujuscemodo
616 2771 851 2856 supputationis
859 2771 1012 2834 laterculo
1022 2791 1128 2834 carere
1137 2770 1340 2850 cognoscitur
1348 2770 1425 2834 dum

375 2895 530 2958 corporea
543 2873 680 2936 visibilis
695 2870 809 2935 mundi
823 2871 946 2934 lactura
967 2871 1107 2956 septenis
1125 2871 1279 2934 coelorum
1293 2871 1425 2936 orbibus

373 2975 496 3060 pernici
515 2972 672 3038 volventis
687 2973 819 3056 sphaerae
834 2972 958 3056 impetu
979 2993 1038 3057 per
1058 2992 1206 3056 praeceps
1220 2974 1425 3056 vergentibus

374 3077 451 3140 licet
464 3077 665 3159 planetarum
680 3073 870 3155 retrogradis
882 3073 1028 3138 cursibus
1042 3074 1172 3138 tricenis
1187 3076 1426 3141 circumvallata

376 3177 521 3258 cingitur.
565 3174 665 3238 Porro
687 3175 807 3238 lunaris
829 3175 917 3257 globi
936 3175 1125 3252 rotunditas,
1148 3198 1221 3260 quaa
1242 3178 1292 3241 bia
1316 3178 1424 3242 sexies

375 3276 544 3340 menstruis
573 3287 805 3339 momentorum
835 3275 1098 3358 suppletionibus
1131 3298 1189 3360 per
1225 3286 1273 3341 ter
1307 3279 1424 3360 quinas

375 3378 498 3442 dierum
526 3378 738 3442 revolutiones
772 3397 873 3460 usque
910 3374 952 3440 ad
988 3377 1165 3459 perfectum
1199 3379 1304 3462 plenae
1339 3380 1425 3443 lunae

376 3479 531 3543 circulum
551 3478 676 3557 crescit,
690 3475 888 3560 totidemque
909 3474 1032 3539 dierum
1054 3479 1281 3544 alternationes
1303 3501 1425 3545 marce·

375 3576 809 3664 suentepulcherrimivultus
818 3573 1242 3661 formadecrescitseptenis
1253 3578 1425 3661 figurarum

375 3681 546 3764 speciebus
567 3678 704 3742 variatur
724 3673 788 3736 hoc
811 3684 859 3737 est
875 3675 1030 3738 bicornea
1052 3685 1086 3739 et
1106 3676 1211 3739 sectili
1231 3698 1270 3741 ac
1291 3678 1424 3764 reliquis

376 3804 448 3867 quae
482 3781 701 3864 septiformem
738 3777 884 3841 ecclesiae
922 3775 1062 3860 speciem
1099 3776 1266 3860 designare
1294 3789 1421 3864 patrum

376 3893 495 3948 statuta
523 3888 708 3944 sanxerunt.
753 3879 824 3942 Nec
854 3877 1076 3960 praetereunda
1103 3897 1174 3941 reor
1202 3879 1345 3944 Pleiadis
1374 3884 1425 3947 vel

377 3981 503 4047 Arcturi
533 3981 638 4045 sidem
666 3979 707 4043 da
737 3978 855 4062 quibus
884 3976 994 4041 divina
1022 3979 1152 4043 oracula
1180 4000 1237 4064 per
1265 3982 1424 4048 turbinem

376 4080 535 4147 horrenda
546 4079 726 4144 valetudine
737 4099 927 4163 oppressum
938 4079 1178 4162 compellabant
1188 4080 1248 4143 ita:
1265 4081 1425 4163 numquid

376 4183 568 4268 conjungere
594 4180 714 4244 valebis
744 4180 897 4242 micantes
926 4179 1035 4241 stellas
1063 4179 1210 4242 Pleiades
1240 4188 1296 4244 aut
1319 4181 1423 4263 girum

377 4284 505 4349 Arcturi
515 4282 670 4365 dissipare
682 4278 818 4364 poteris?
865 4279 951 4342 Nam
960 4280 1112 4344 Arcturus
1123 4280 1269 4365 uiphaeis
1283 4285 1424 4366 perlatus

377 4384 539 4448 montibus
555 4383 613 4466 qui
628 4385 733 4447 Boreo
748 4382 955 4466 Aquilonaris
970 4381 1039 4464 poli
1058 4383 1188 4448 cardine
1202 4385 1338 4450 volvitur
1359 4410 1425 4471 qua

377 4485 509 4568 Scythia
536 4505 633 4567 regna
661 4483 851 4548 horrendam
875 4482 1022 4547 incolunt
1049 4483 1225 4551 barbariem
1248 4487 1423 4570 septisouui

897 4601 917 4654 Q
