3759 5425
689 740 845 789 nrrsrorr
861 742 903 787 ao
918 739 1094 801 acrucrurr,
1109 740 1180 786 aro.
1393 728 1456 787 227

401 890 518 957 divinae
541 894 623 976 legis
649 896 775 977 regulus
801 892 961 960 catholica
989 914 1217 978 praecessorum
1241 903 1449 957 monumenta

399 993 473 1058 luce
487 996 622 1059 clariora
636 995 865 1059 demonstrant.
911 993 977 1058 Sed
993 993 1083 1071 mihi,
1098 1004 1134 1058 nt
1148 1000 1245 1077 poeta
1258 992 1318 1056 ait:

539 1142 612 1195 Ante
624 1140 692 1195 diem
703 1140 791 1195 cisum
802 1146 937 1212 componet
949 1156 1041 1212 vesper
1052 1137 1173 1211 Olympo,

400 1285 432 1339 et
445 1276 539 1341 alibi:

541 1393 614 1447 Ante
625 1394 765 1466 pererratis
776 1394 913 1446 amborum
924 1390 1022 1443 finibus
1033 1388 1097 1443 exul

540 1478 598 1531 Ant
608 1478 715 1531 Ararim
729 1478 843 1532 Parthus
854 1478 927 1531 bibet
939 1482 985 1529 aut
996 1476 1138 1528 Germania
1149 1474 1252 1543 Tigrim

540 1562 629 1625 Quam
639 1568 708 1616 totos
718 1564 816 1634 poesim
826 1560 916 1630 legum
928 1562 1064 1633 decerpere
1072 1560 1160 1625 flores,

540 1646 595 1710 Qut
606 1650 721 1701 numeria
733 1652 834 1721 septem
846 1651 989 1700 monstrent
1001 1646 1124 1718 exempla
1135 1647 1252 1699 awratia

397 1774 463 1839 Sed
488 1776 569 1839 sorte
594 1777 732 1860 quilibet
755 1777 964 1860 scrupulosus
992 1776 1143 1840 clanculo
1169 1775 1279 1839 cordis
1304 1777 1445 1859 cogitatu

396 1876 597 1962 epistolarem
619 1888 821 1960 perscmtans
836 1876 1045 1940 rusticitatem
1065 1876 1228 1960 perquirat
1242 1888 1275 1940 et
1288 1898 1444 1961 percunc-

395 1986 480 2043 tetur
502 1999 559 2042 cur
587 1978 773 2063 septenarius
804 1977 1042 2062 supputationis
1066 1980 1237 2053 calculum,
1260 2000 1357 2063 quem
1386 2002 1446 2063 per

395 2088 562 2163 utrumque
578 2078 855 2143 Testamentomm
871 2098 1030 2142 canonem
1049 2078 1323 2162 explanandarum
1337 2102 1443 2145 rerum

393 2180 582 2243 necessitate
605 2187 736 2243 coactus
750 2198 982 2259 congesseram,
995 2178 1107 2242 iterum
1131 2190 1227 2263 atque
1241 2180 1356 2245 itemm
1371 2203 1444 2265 sep·

391 2283 482 2367 tuplo
498 2293 530 2345 et
543 2282 692 2365 septuplo
706 2281 861 2365 perplexa
874 2281 1073 2345 revolutione
1087 2280 1271 2365 replicetur.
1315 2283 1441 2368 Hujus·

393 2383 520 2449 cemodi
541 2382 758 2447 sollicitudine
780 2394 943 2465 permotus
963 2384 1083 2446 recolat
1104 2391 1136 2446 et
1163 2382 1387 2447 reminiscatur
1407 2385 1442 2447 in

392 2483 564 2569 primordio
589 2484 732 2567 epistolae
756 2503 854 2565 quam
877 2489 1042 2567 tantopere
1064 2482 1204 2565 exempli
1220 2482 1323 2564 gratia
1336 2495 1443 2567 prote·

391 2586 528 2649 laveram
551 2584 627 2649 inde
649 2604 752 2649 meam
779 2581 1031 2647 mediocritatem
1052 2580 1193 2646 radicem
1215 2582 1330 2646 future
1353 2584 1442 2648 locu·

390 2684 499 2766 tionis,
519 2686 630 2752 oblato
657 2683 755 2770 hujus
784 2682 1020 2768 supputationis
1041 2693 1230 2764 argumento
1256 2684 1441 2767 sumpsisse.

391 2787 488 2852 Unde
510 2786 718 2872 postmodum
742 2785 867 2868 fragilis
895 2793 929 2849 et
954 2784 1081 2868 gracilis
1106 2783 1229 2867 ingenii
1252 2784 1382 2850 frutices
1409 2797 1442 2850 et

391 2889 581 2956 nutabunda
609 2891 778 2953 verborum
815 2888 936 2954 vimina
965 2887 1084 2974 patulis
1111 2886 1225 2951 defusa
1253 2889 1442 2952 munusculis

390 2999 622 3056 succreverunt.
671 2989 755 3054 (lum
783 2989 880 3072 igitur
901 2998 950 3054 tot
978 2991 1139 3074 undaque
1168 3000 1439 3054 sacmmentorum

390 3087 528 3152 vinculis
541 3099 670 3172 tamque
693 3086 824 3150 sacratis
839 3109 1043 3152 numerorum
1063 3089 1202 3154 nexibus
1215 3112 1276 3175 per
1289 3091 1437 3174 septilor-

389 3210 473 3254 mem
496 3188 627 3273 spiritua
649 3187 782 3271 gratiam
805 3189 919 3252 caritas
941 3189 1186 3272 constringatur,
1208 3191 1250 3254 de
1271 3211 1337 3276 qua
1351 3213 1439 3275 egre-

388 3291 461 3372 gius
474 3290 666 3375 praedicator
679 3289 736 3371 qui
745 3289 828 3352 tertii
840 3289 914 3353 coeli
926 3301 1047 3354 secreta
1061 3294 1272 3371 scrutabatur,
1282 3293 1440 3357 Romanis

388 3399 598 3456 concatenato
614 3391 776 3456 schemate
791 3391 936 3455 scribens
959 3393 1011 3454 cui
1027 3392 1215 3455 Graecorum
1236 3396 1438 3476 grammatici

388 3491 519 3558 climax
534 3493 725 3557 vocabulum
746 3489 943 3569 indidenmt,
964 3491 1010 3555 ita
1030 3512 1166 3555 exorsus
1187 3502 1250 3556 est:
1278 3493 1439 3559 Patientia

387 3600 493 3657 autem
507 3592 742 3676 probationem;
767 3591 916 3675 probatio
931 3612 1005 3655 vero
1022 3611 1131 3675 apem3
1157 3611 1232 3674 spes
1247 3602 1353 3655 autem
1368 3615 1435 3656 non

387 3693 571 3758 confundit:
588 3692 663 3778 quia
678 3692 795 3758 caritas
809 3691 873 3756 Dei
894 3691 1012 3754 diffusa
1033 3701 1081 3756 est
1095 3692 1128 3754 in
1152 3690 1305 3755 cordibus
1319 3695 1437 3758 nostris

385 3819 444 3882 per
479 3797 634 3882 Spiritum
672 3796 825 3860 Sanctum
868 3795 925 3879 qui
962 3794 1056 3858 datus
1097 3807 1147 3858 eat
1182 3795 1294 3871 nobis;
1330 3817 1437 3880 operae

384 3901 522 3985 pretium
544 3897 668 3963 videtur
688 3909 724 3962 ut
753 3897 925 3982 spiritualis
947 3906 980 3960 et
999 3896 1277 3979 incircumscripta
1298 3900 1436 3962 necessi-

384 4000 463 4066 tudo
477 4000 597 4065 oarnali
619 4009 652 4063 et
673 3998 841 4083 corruptili
863 3998 1034 4082 parentelae
1055 3997 1247 4081 praeferatur.
1298 3998 1436 4070 Quando

385 4101 517 4187 quidem
556 4101 756 4182 Euangeliou
793 4110 922 4163 narrant
963 4101 1174 4163 instrumenta
1210 4098 1299 4183 quod
1332 4099 1435 4163 incar·

384 4215 494 4268 nauum
517 4202 579 4265 Dei
602 4203 732 4266 verbum
756 4199 796 4264 de
818 4199 883 4264 duo
910 4200 1063 4282 scriptum
1085 4207 1146 4263 eat:
1191 4199 1358 4264 Eructavit
1380 4223 1437 4265 cor

383 4325 489 4368 meum
511 4306 635 4367 bonum
656 4304 797 4380 verbnm,
813 4310 846 4365 et
869 4298 956 4386 qnod
977 4322 1019 4364 ex
1041 4311 1131 4365 utero
1153 4311 1227 4365 aute
1248 4301 1435 4367 Luciferum

384 4405 551 4488 psalmista
575 4404 661 4468 idem
686 4403 805 4468 cecinit
827 4401 1041 4486 progenitum,
1061 4401 1210 4464 humanae
1235 4402 1436 4483 cognationis

383 4505 654 4591 propinquitatem
665 4515 698 4568 et
706 4503 966 4568 incontaminata
982 4502 1144 4585 genitricis
1158 4503 1309 4568 affectum
1325 4513 1436 4568 contra

884 4621 905 4673 Q
921 4611 941 4668 2
