3759 5425
457 692 498 748 tt
816 704 842 746 s.
858 701 1035 746 annuatur
1051 699 1151 745 arnan
1193 681 1197 690 ’

459 857 541 939 tyrio
550 857 883 920 foelicitercoronatnr.
910 855 961 916 lta
972 854 1194 918 famosissimae
1203 852 1323 915 Christi
1333 853 1511 935 tyruncula

459 957 571 1020 Lucis
594 956 804 1040 prerogativa
824 955 994 1037 Syracusae
1016 953 1174 1039 oppidum
1200 953 1323 1018 Sicilire
1350 955 1513 1037 prosperis

458 1059 660 1123 successibus
670 1058 871 1121 sublimatur:
895 1057 978 1128 Qnae
988 1057 1180 1138 genetricem
1192 1055 1321 1138 prolixa
1329 1055 1512 1119 valetudine

458 1160 622 1242 fatigatam
644 1172 677 1223 et
698 1158 818 1222 meritis
838 1157 973 1239 Agathae
998 1179 1018 1220 a
1040 1158 1106 1220 rivo
1127 1157 1250 1220 cruoris
1272 1168 1413 1220 curatam
1436 1176 1512 1219 cum

459 1261 640 1325 alternatim
670 1260 952 1324 confabularentur
979 1258 1206 1343 hujuscemodi
1235 1257 1386 1341 precibus
1415 1258 1512 1320 intar-

459 1361 595 1444 pellaos.
640 1361 701 1423 Per
721 1361 836 1443 ipsam,
855 1360 971 1442 inquit,
985 1373 1016 1422 te
1036 1359 1200 1442 deprecor,
1215 1381 1289 1443 quae
1311 1371 1343 1422 te
1366 1358 1512 1434 salvarit,

460 1482 503 1525 ne
531 1473 567 1524 tu
596 1461 672 1523 mibi
701 1481 855 1544 sponsum
884 1461 1042 1536 nomines,
1067 1481 1129 1522 nec
1160 1458 1200 1522 de
1226 1480 1298 1524 mea
1326 1459 1511 1543 posteritate

459 1563 597 1625 fructum
617 1562 816 1625 mortalitatis
837 1563 990 1646 inquiras,
1013 1561 1071 1625 sed
1094 1561 1204 1625 omnia
1224 1583 1298 1645 quaa
1320 1561 1399 1624 mihi
1422 1560 1511 1624 eunti

460 1662 503 1727 ad
527 1663 739 1745 corruptionis
757 1685 836 1726 meae
858 1664 1022 1726 authorem
1041 1663 1206 1726 hominem
1232 1663 1418 1725 moriturum
1441 1683 1512 1724 eras

461 1761 575 1825 datura
589 1761 632 1824 da
645 1763 724 1825 mihi
742 1764 831 1826 eunti
845 1763 886 1826 ad
906 1763 1098 1845 integritatis
1112 1785 1192 1827 meaa
1213 1764 1383 1827 authorum
1398 1763 1513 1825 Domi·

462 1884 541 1926 num
555 1873 699 1926 nostrum
713 1865 827 1928 Jesum
841 1864 1024 1929 Christum:
1048 1866 1153 1929 Matre
1168 1866 1265 1946 igitur
1279 1863 1512 1940 consentiente,

463 1965 502 2030 fit
514 1987 620 2028 rerum
630 1968 798 2050 repentina
814 1966 989 2045 distractio,
1003 1989 1146 2031 arcarum
1163 1966 1310 2030 clustella
1324 1976 1514 2042 reserantur,

462 2088 650 2130 mancorum
673 2070 833 2151 marsupia
853 2071 1032 2151 replentnr3
1065 2069 1227 2153 sponsalia
1249 2079 1418 2149 erogantur
1443 2087 1512 2130 cre·

461 2167 596 2251 pandis,
620 2180 654 2232 et
678 2172 752 2234 coeli
778 2182 1004 2254 comparantur
1029 2171 1189 2246 triclinia;
1220 2191 1258 2234 ac
1281 2169 1356 2233 dum
1383 2169 1512 2232 carnale

462 2269 614 2353 stirpatur
635 2271 870 2353 patrimonium,
891 2271 1054 2355 spirituale
1075 2283 1242 2335 exercetur
1261 2270 1516 2334 mercimonium.

462 2370 582 2433 Verum
596 2392 654 2455 pro
676 2370 860 2454 hujusmodi
881 2371 1022 2453 negotio,
1038 2392 1174 2454 sponsus
1195 2370 1368 2436 iracundiae
1389 2371 1517 2434 facibus

462 2471 687 2534 inflammatur.
731 2471 902 2535 Pascasius
924 2473 1039 2535 consul
1054 2471 1214 2536 tribunica
1232 2481 1390 2556 potestate
1406 2472 1515 2550 fretus,

463 2571 528 2635 acri
549 2592 667 2654 angore
685 2572 831 2650 afficitur,
853 2594 892 2635 eo
914 2570 1001 2656 quod
1024 2571 1146 2634 Christi
1165 2573 1343 2656 tyruncula,
1362 2594 1423 2637 nec
1447 2595 1513 2636 ser·

463 2681 595 2738 mortum
610 2674 775 2739 severitate
794 2675 961 2757 castigata,
976 2696 1036 2739 neo
1055 2671 1206 2740 lenonum
1223 2677 1329 2741 fallaci
1351 2675 1514 2741 lenocinio

461 2778 578 2842 tradita
592 2800 611 2842 a
624 2776 729 2860 rigido
744 2777 932 2859 rirginitatis
946 2778 1113 2861 proposito
1128 2778 1257 2860 penitus
1271 2778 1393 2841 inflecti
1405 2778 1516 2855 valuit,

463 2879 616 2955 Quamvis
635 2880 768 2942 testibus
790 2880 992 2942 constrictam
1016 2876 1055 2943 ad
1081 2878 1267 2943 detestabile
1289 2880 1518 2963 prostibulum,

464 2992 497 3042 et
510 2980 649 3042 invisum
659 2981 796 3062 lupanar
804 2990 980 3043 scortorum
996 2980 1120 3044 trahere
1131 2982 1180 3044 vel
1193 2980 1319 3045 trudere
1329 2980 1514 3045 niterentur.

464 3079 530 3143 Sed
559 3091 715 3157 sanctam,
743 3082 784 3143 ab
821 3082 908 3144 omni
937 3104 1101 3164 magorum
1139 3082 1290 3147 machina
1318 3084 1452 3146 illaesam
1482 3094 1517 3145 et

464 3180 649 3262 aruspicum
685 3182 910 3265 superstitione
947 3183 1230 3248 incontaminatam
1261 3185 1381 3249 Christi
1415 3186 1516 3249 tutela

464 3278 615 3363 protexit.
665 3280 830 3343 Postremo
856 3281 1047 3346 furibundus
1076 3285 1190 3347 consul
1216 3285 1439 3349 flammivomis
1464 3306 1516 3348 as·

463 3379 598 3443 sandam
627 3381 764 3445 torribus
788 3382 937 3447 tradidit:
978 3386 1030 3448 lta
1058 3396 1094 3449 ut
1121 3398 1197 3449 atrae
1226 3386 1312 3471 picis
1337 3388 1453 3450 offulas
1482 3398 1518 3450 et

463 3484 578 3549 resinae
593 3484 769 3548 fomentum
791 3507 865 3549 cum
887 3487 1083 3551 scintillante
1102 3491 1174 3552 oleo
1196 3511 1344 3573 rogorum
1362 3490 1518 3557 incendia

466 3588 711 3651 cumularentur.
757 3587 822 3651 Sed
837 3588 908 3652 haec
925 3589 1041 3653 divinae
1056 3592 1223 3672 potestatis
1237 3592 1393 3656 imbribus
1408 3592 1517 3675 sopita

465 3688 554 3752 dicto
583 3688 680 3753 citius
709 3692 898 3755 tabuerunt:
937 3692 1040 3772 Igitur
1066 3695 1163 3757 beata
1187 3693 1294 3758 Lucia'
1314 3696 1399 3777 virgo
1424 3697 1516 3760 salvo

464 3788 596 3873 pudoris
611 3791 778 3872 signaculo
793 3804 826 3856 et
840 3806 1060 3857 consummato
1076 3796 1148 3861 ritae
1167 3799 1325 3861 curriculo
1340 3800 1516 3881 gloriosum

464 3890 604 3971 martyrii
620 3891 815 3975 triumphum
830 3894 957 3970 meruit,
972 3895 1060 3959 Dum
1075 3918 1228 3962 mucrone
1242 3902 1391 3965 confossa
1404 3901 1521 3966 maluit

464 4010 659 4074 purpureum
671 3996 857 4076 sanguinem
873 3996 1018 4073 fundere,
1030 4018 1123 4080 quam
1139 4000 1309 4082 pretiosam
1324 4001 1518 4085 pudicitiam

464 4091 607 4175 perdere.
639 4096 709 4158 Nec
726 4106 832 4159 tamen
843 4110 996 4160 cruentus
1011 4099 1156 4163 carnifex
1171 4102 1342 4164 obeuntem
1358 4102 1516 4183 virginem

465 4194 719 4274 gratulabundus
747 4197 929 4279 conspexit,
960 4198 1017 4261 sed
1053 4213 1236 4263 catenarum
1266 4202 1403 4265 nexibus
1437 4224 1517 4267 con·

466 4294 596 4357 strictus
624 4308 657 4358 et
693 4298 734 4359 ab
764 4299 853 4361 omni
882 4299 1051 4364 Trinacria
1080 4315 1116 4365 nt
1144 4304 1297 4367 barbarus
1325 4304 1435 4388 praedo
1464 4308 1517 4369 vel

468 4392 608 4457 crudelis
623 4397 813 4481 archipirata
826 4412 951 4483 spretus
966 4413 1024 4479 est,
1039 4404 1096 4485 qui
1111 4426 1186 4468 cum
1202 4404 1243 4469 ad
1259 4406 1369 4469 urbem
1385 4406 1519 4471 Romuli

466 4493 577 4578 rigidis
614 4498 787 4564 collaribus
829 4511 1055 4585 pregravatus,
1098 4505 1275 4585 duceretur,
1311 4528 1330 4569 a
1366 4508 1517 4571 Romano
