3759 5425
575 816 649 860 rrrr
666 814 842 859 annuatur
859 814 992 859 rsurcro
1007 813 1169 859 sacroue.
1344 800 1407 858 869

354 972 399 1035 iis
415 968 587 1033 remansit:
610 978 707 1052 atque
720 969 780 1031 lna
790 968 881 1048 Rege
894 967 1130 1043 consentiente,
1142 977 1175 1029 et
1186 966 1406 1050 (lo-episcopo

351 1069 426 1153 ejus
441 1068 580 1132 Daniele
591 1068 794 1142 testificante,
806 1089 847 1129 ne
858 1066 977 1150 aliquis
989 1065 1230 1129 Ecclesiasticae
1242 1064 1406 1146 dignitatis

352 1172 409 1234 rel
431 1170 603 1234 Saecularis
625 1170 772 1232 sublimis
795 1170 959 1253 potentiae,
974 1168 1144 1241 Abbatem,
1172 1177 1286 1251 praeter
1309 1187 1406 1249 quem

352 1274 410 1358 pia
423 1273 592 1336 conventio
611 1273 751 1336 Fratrum
768 1272 910 1353 eligeret,
920 1291 1040 1354 ponere
1050 1268 1192 1347 auderet,
1206 1268 1403 1353 privilegium

353 1374 493 1437 sancivit
518 1395 590 1437 cum
615 1374 835 1450 anathemate3
863 1370 952 1455 qnod
976 1383 1088 1455 postea
1114 1392 1134 1434 a
1157 1371 1254 1434 totius
1279 1371 1405 1452 Angliae

356 1476 503 1560 Synodo,
518 1498 556 1539 eo
576 1474 609 1538 id
632 1487 757 1557 agente,
771 1476 950 1551 laudatum,
967 1473 998 1538 in
1015 1474 1239 1538 Meldunensis
1260 1476 1406 1539 ecclesiae

361 1578 497 1641 armario
511 1577 653 1660 reposuit
668 1588 790 1641 ratum:
815 1576 902 1658 quod
917 1575 1013 1640 etiam
1028 1596 1130 1660 usque
1144 1575 1240 1639 hodie
1257 1576 1408 1650 habetur3

360 1677 429 1751 sed,
454 1690 492 1740 ut
517 1677 661 1759 superius
688 1676 807 1741 dictum
834 1688 893 1751 est,
915 1676 1058 1761 peccatis
1082 1675 1351 1759 praepedieutibus
1376 1687 1409 1738 et

358 1778 567 1841 Praelatorum
593 1778 721 1861 pigritia
748 1780 928 1860 ingruente,
953 1778 993 1842 ad
1018 1789 1145 1859 tempus
1170 1779 1264 1841 nobis
1285 1778 1407 1840 irritum

362 1900 434 1941 esse
460 1879 614 1943 noscitur.
660 1880 696 1941 ls
725 1900 802 1942 sane
824 1877 999 1962 impeditus
1020 1880 1115 1941 rebus
1136 1880 1353 1957 sacularibus,
1374 1881 1407 1942 iu

358 1980 548 2064 Episcopio,
563 1992 599 2043 ut
620 2002 689 2043 mos
712 1992 759 2043 est
780 1981 923 2043 omniurn
950 1977 1008 2055 (uti
1033 1978 1073 2042 dc
1095 1978 1133 2041 Β.
1150 1980 1290 2044 Martino
1305 1982 1409 2044 Turo-

356 2081 506 2144 nensium
531 2082 670 2144 Praesule
694 2082 820 2163 legitur)
846 2082 934 2145 haud
960 2093 1072 2167 postea
1098 2096 1221 2147 tanturn
1248 2084 1346 2147 valuit
1374 2084 1409 2148 in

357 2183 538 2258 virtutibus,
568 2196 722 2264 quantum
753 2184 843 2266 prius
875 2184 1010 2247 valebat.
1055 2185 1271 2249 Verumtamen
1298 2186 1409 2249 merito

358 2284 415 2345 ille
437 2284 655 2345 sanctissimus
676 2293 821 2358 vocatur,
845 2305 1029 2367 quanquam
1056 2286 1156 2348 solitis
1178 2308 1244 2347 non
1270 2285 1411 2349 abundet

358 2385 537 2460 virtutibus,
567 2385 715 2468 quisquis
747 2385 861 2448 devote
891 2386 953 2448 sibi
983 2406 1002 2448 a
1031 2385 1171 2447 Domino
1206 2386 1410 2449 commissum

358 2485 473 2566 implet
494 2485 634 2547 officium
657 2486 691 2546 iu
716 2486 883 2547 omuibus:
907 2484 998 2568 quod
1022 2484 1075 2547 hic
1098 2484 1174 2547 fecit
1195 2483 1409 2566 Paterjustis-

360 2586 471 2648 simus.
516 2584 579 2648 Sed
594 2584 646 2647 his
660 2587 704 2647 ita
719 2585 839 2659 relatis,
855 2585 896 2647 ad
913 2585 983 2668 ejus
1005 2584 1175 2667 gloriosum
1193 2585 1315 2647 obitum
1331 2588 1411 2649 refe·

360 2685 494 2750 rendum
512 2687 684 2750 veniamus.

405 2790 445 2851 ln
457 2788 636 2871 Episcopio
647 2788 807 2871 siquidem
820 2789 871 2851 bis
882 2789 959 2851 bino
971 2799 1100 2871 peracto
1115 2807 1267 2849 annorum
1280 2787 1412 2864 circulo,

361 2889 469 2952 carnis
482 2887 665 2951 infirmitate
680 2903 839 2971 gravatus,
856 2898 1014 2952 convocat
1028 2909 1155 2970 gregem
1167 2889 1411 2967 Monachorum,

363 2989 568 3054 catholicum
592 2989 734 3068 Clarum,
749 3000 783 3055 et
798 2991 896 3053 sermc
912 3012 1041 3053 omnem
1062 2991 1235 3074 populum:
1259 2990 1411 3075 pacisque

364 3091 519 3154 unitatem
550 3102 583 3153 et
612 3091 751 3154 caritatis
781 3091 944 3154 vinculum
974 3091 1165 3174 praedicam,
1195 3093 1264 3155 sine
1294 3093 1413 3177 quibua

364 3192 453 3254 nulla
473 3191 545 3253 Deo
568 3192 678 3274 placet
698 3193 860 3270 Ecclesia,
874 3194 959 3258 sicut
982 3195 1088 3258 bonus
1113 3206 1222 3279 pastor
1243 3217 1318 3260 ores
1341 3217 1414 3260 suas

364 3293 508 3355 Domino
524 3293 769 3356 commendarit.
814 3293 892 3356 Post
912 3294 984 3357 hare
1003 3311 1092 3376 rogat
1113 3295 1283 3358 familiares
1299 3297 1359 3359 sibi
1383 3309 1415 3360 et

368 3393 433 3458 lide
456 3394 662 3468 domesticos,
686 3405 843 3478 quatenus
864 3396 899 3457 in
914 3395 1065 3459 coenobio
1088 3395 1305 3473 Meldunensi,
1328 3399 1414 3480 quod

365 3517 433 3580 prae
456 3497 580 3559 cateris
604 3494 771 3574 dilexerat,
785 3497 854 3582 ejus
873 3496 1057 3559 humaretur
1078 3496 1312 3578 corpusculum.
1359 3497 1413 3561 Sic

364 3598 450 3662 facta
465 3599 537 3661 Deo
553 3597 652 3679 digua
673 3599 828 3676 oratione,
845 3610 877 3662 et
898 3597 1015 3661 divinis
1030 3608 1167 3660 armatus
1189 3597 1414 3676 Sacrameutis,

366 3700 526 3783 gloriosus
552 3699 701 3780 migravit
724 3721 744 3762 a
770 3700 907 3763 saeculo:
939 3719 1035 3782 quem
1063 3697 1205 3761 Michael
1231 3719 1304 3760 cum
1330 3712 1414 3762 caetu

364 3801 507 3885 suscepit
532 3801 698 3882 Angelico.
744 3802 817 3874 Quo
843 3801 995 3864 defuncto
1023 3801 1056 3862 in
1087 3799 1235 3879 Dunting
1262 3797 1349 3876 villa,
1373 3798 1415 3862 ad

368 3924 466 3988 quam
489 3923 548 3984 pro
571 3903 673 3965 salute
695 3923 806 3966 eorum
828 3923 909 3985 quos
930 3901 991 3965 sub
1015 3900 1077 3964 Dei
1098 3901 1197 3963 tutela
1217 3899 1415 3980 gubernabat

367 4015 561 4087 perrexerat,
588 4017 623 4065 ut
651 4004 723 4087 pius
750 4015 857 4086 pastor
880 4001 1065 4086 parochiam
1091 4022 1180 4064 suam
1207 3999 1410 4064 circumiens:

366 4117 501 4188 utraque
531 4104 733 4185 congregatio
763 4103 907 4167 fidelium
937 4103 1075 4186 primum
1105 4103 1187 4166 inter
1208 4123 1242 4164 se
1269 4101 1414 4166 modeste

365 4216 488 4269 tantum
505 4205 603 4287 coepit
618 4205 741 4268 habere
750 4204 901 4286 litigium,
916 4227 982 4289 quo
999 4203 1076 4268 tanti
1097 4202 1227 4267 Patroni
1241 4222 1358 4284 corpus
1373 4203 1414 4267 ad

369 4305 592 4388 sepeliendum
606 4317 792 4388 portaretur.
849 4304 913 4368 Sed
940 4325 1015 4387 pars
1030 4304 1084 4367 illa
1103 4303 1225 4367 ratione
1248 4304 1417 4387 praevaluit

371 4405 412 4470 ad
434 4427 530 4491 quam
552 4404 632 4468 iderr
660 4427 695 4468 se
717 4407 836 4490 portari
857 4406 899 4469 ad
922 4402 1142 4469 tumulandum
1168 4403 1329 4488 pracepit.
1375 4408 1414 4469 ln

370 4506 483 4571 cadem
499 4527 573 4569 vero
590 4506 673 4582 villa,
687 4506 720 4568 in
736 4529 774 4569 eo
789 4507 912 4570 scilicet
925 4507 1000 4568 loco
1012 4525 1075 4588 quo
1091 4505 1160 4567 vitae
1176 4505 1274 4568 finem
1290 4504 1416 4584 lecerat,

370 4611 477 4694 lignea
502 4609 629 4693 capella
652 4620 836 4673 constructa
861 4610 977 4673 suerat:
1010 4605 1066 4669 aad
1092 4617 1166 4691 post
1194 4606 1264 4693 ejus
1293 4609 1415 4672 obitum

859 4714 917 4774 ab
