3759 5425
449 679 491 738 40
809 693 835 736 s.
851 691 1029 737 annuatur
1044 688 1145 735 arasa

451 846 548 909 rubor
577 846 663 908 velut
692 844 788 908 stibio
819 844 978 927 depinxit,
1007 864 1082 908 cnm
1110 842 1144 906 in
1174 840 1314 905 concilio
1343 841 1502 904 valentem

450 945 603 1030 sospitem
625 946 875 1028 specularentur,
897 966 994 1029 quem
1015 943 1151 1009 abscisis
1172 963 1343 1006 nervorum
1362 942 1505 1005 nexibus

450 1068 601 1110 mancum
637 1058 669 1111 et
705 1046 844 1110 debilem
880 1048 1071 1111 fatebantur.
1130 1047 1250 1108 Verum
1277 1041 1504 1129 hujuscemodi

452 1157 565 1212 sancta
578 1148 714 1212 victoria
728 1148 894 1223 confirtati,
908 1148 998 1212 eliud
1019 1145 1199 1228 argumenti
1213 1165 1314 1226 genus
1333 1144 1504 1206 molientes

452 1247 749 1324 comminiscuntur,
772 1259 808 1311 ut
836 1257 995 1330 prostrata
1024 1249 1135 1331 pellex
1157 1247 1260 1308 virum
1286 1245 1503 1308 castissimum

451 1351 621 1434 prostibuli
657 1361 779 1434 stupro,
809 1370 873 1433 quo
909 1350 1039 1433 penitus
1066 1370 1087 1412 a
1113 1349 1281 1432 pubertate
1316 1347 1504 1428 incorrupto

452 1471 586 1536 corpore
607 1452 720 1528 camit,
740 1451 924 1514 insimulare
942 1451 1122 1533 procaciter
1139 1449 1395 1522 machinaretur;
1429 1469 1503 1530 quae

452 1573 527 1616 enm
548 1551 728 1615 universum
749 1551 838 1614 salsae
857 1550 1050 1632 garrulitatis
1070 1551 1231 1613 incestum
1250 1551 1336 1612 velut
1357 1547 1503 1611 foetidam

452 1652 681 1716 Melancholiae
700 1672 854 1714 nauseam
874 1650 915 1714 de
929 1652 1110 1716 recessibus
1124 1651 1197 1714 salsi
1215 1652 1356 1734 pectoris
1376 1670 1505 1712 evomu-

452 1755 540 1832 isset,
554 1754 659 1818 statim
682 1775 739 1837 per
760 1754 967 1817 Timotheum
984 1758 1221 1837 presbyterum,
1236 1774 1333 1836 quem
1355 1750 1505 1814 uesaudis

452 1857 599 1920 ulnarum
620 1855 748 1937 gremiis
763 1875 886 1939 procax
908 1857 1094 1920 obuncabat
1114 1854 1316 1939 apologetica
1335 1855 1504 1918 verborum

453 1957 594 2036 veritate,
609 1979 646 2020 ac
663 1958 690 2020 si
705 1957 774 2020 fixa
788 1959 946 2040 peltarum
960 1957 1131 2036 testudine,
1146 1957 1335 2021 defenditur.
1380 1958 1505 2019 Verun-

452 2070 559 2122 tamen
581 2060 768 2122 aemulorum
790 2060 929 2123 vesaniae
953 2059 1084 2138 cedens,
1103 2060 1159 2144 qui
1182 2072 1294 2124 contra
1314 2059 1416 2121 virum
1439 2059 1505 2121 Dei

453 2161 595 2224 zelantes
621 2158 754 2224 rancida
778 2161 888 2224 livoris
913 2160 1037 2224 invidia
1065 2162 1313 2244 torquebanturz
1346 2159 1504 2240 profugus

453 2262 549 2344 longe
579 2261 799 2344 proficiscens,
825 2262 938 2324 exulat
968 2260 1048 2324 adeo
1077 2274 1115 2324 ut
1140 2283 1199 2324 sex
1228 2281 1385 2324 annorum
1409 2261 1506 2323 inter-

454 2360 612 2445 capedine
626 2362 661 2424 in
677 2359 765 2424 arida
787 2361 935 2424 cistemae
950 2363 1073 2425 latebra
1094 2361 1286 2426 delitescens
1300 2383 1506 2445 nequaquam

452 2462 589 2545 limpido
612 2461 688 2524 solis
710 2459 799 2525 radio
822 2461 988 2544 potiretur,
1010 2462 1068 2524 sed
1091 2483 1182 2524 mens
1205 2462 1278 2524 Deo
1300 2460 1410 2525 dedita
1432 2473 1506 2525 cote

454 2562 571 2643 durior,
586 2563 667 2628 ferro
681 2563 801 2641 fortior,
815 2562 985 2627 adamante
1007 2564 1147 2646 rigidior,
1162 2584 1273 2626 omnes
1288 2565 1508 2627 calamitatum

452 2664 692 2745 insectationes,
734 2685 814 2750 quas
855 2663 1057 2729 clandestina
1097 2665 1267 2729 lividorum
1309 2667 1507 2751 conspiratio

452 2766 610 2832 hostiliter
628 2770 799 2851 irrogabat,
821 2768 934 2831 inflexi
954 2767 1061 2832 cordis
1083 2769 1264 2832 constantia
1287 2770 1508 2853 aequanimiter

452 2870 640 2951 perferebat.
1247 2914 1259 2934 1

496 2972 662 3035 XXXIII.
686 2970 774 3045 Quid
792 2973 922 3036 beatum
943 2974 1100 3057 Babylam
1121 2976 1245 3058 loquar,
1269 2975 1325 3057 qui
1350 2974 1508 3037 dominici

454 3073 560 3156 gregis
574 3073 730 3136 excubias
745 3083 777 3136 et
791 3074 939 3138 mandras
954 3075 1114 3137 Ecclesiae
1129 3073 1281 3138 adversus
1294 3076 1509 3139 truculentam

455 3185 663 3256 tyrannorum
679 3172 811 3251 rabiem,
824 3173 912 3235 velut
933 3182 1047 3237 contra
1067 3174 1199 3237 lerinam
1222 3175 1374 3257 luporum
1393 3176 1508 3239 feroci-

454 3283 564 3354 tatem,
574 3294 640 3337 non
656 3294 743 3338 more
757 3275 954 3353 mercenarii,
967 3275 1025 3339 sed
1039 3276 1171 3340 solertia
1184 3276 1337 3359 pastorali
1349 3278 1510 3355 tuebatur,

455 3399 528 3445 cum
542 3388 629 3442 esset
643 3379 758 3441 summi
767 3378 976 3461 pontificatus
986 3379 1088 3443 int'ula
1097 3379 1261 3463 praeditus,
1274 3379 1508 3444 Numerianum

455 3482 637 3564 Augustum
659 3480 896 3545 interfectorum
922 3501 1034 3544 cruore
1058 3482 1321 3559 contaminatum,
1343 3503 1411 3545 non
1436 3505 1509 3567 per·

456 3585 545 3649 misit
567 3583 717 3647 Basilica
744 3582 916 3647 sacrarium
938 3582 1089 3647 intrando
1114 3585 1246 3667 pollutis
1270 3583 1410 3667 pedibus
1434 3605 1509 3667 pro·

455 3686 575 3761 sanare,
596 3684 654 3749 sed
676 3685 838 3751 acerrima
864 3685 1085 3767 castigationis
1110 3708 1255 3765 censura,
1275 3709 1295 3751 a
1316 3689 1416 3751 sacris
1440 3690 1508 3753 Ec·

457 3788 565 3851 clesiae
574 3788 750 3851 luminibus
759 3787 876 3849 funesti
886 3787 971 3868 regis
982 3786 1147 3851 introitum
1158 3790 1509 3873 arcebat,neqnaquum

459 3888 578 3951 damna
592 3908 695 3951 rerum
709 3886 884 3951 formidans
899 3888 950 3951 rel
964 3888 1036 3951 vite
1054 3889 1259 3973 dispendium
1279 3892 1511 3956 tremebundus

458 3998 490 4051 et
512 3986 652 4070 pallidus
678 3988 818 4071 expavit,
840 4000 917 4052 tuuc
940 3988 983 4051 ad
1011 3991 1169 4074 palatinas
1199 3992 1327 4056 ducitur
1349 3994 1455 4072 Zetas,
1477 4006 1512 4058 et

457 4088 632 4174 imperialis
645 4088 812 4173 ypodromi
821 4089 1026 4168 vestibulum,
1035 4104 1192 4175 qnatenus
1206 4114 1279 4157 cum
1293 4115 1368 4175 rege
1383 4094 1511 4158 fimesto

459 4192 632 4276 reciprocis
652 4191 857 4255 conflictibus
875 4203 908 4255 et
928 4193 1058 4277 alternis
1077 4195 1204 4259 vicibus
1224 4194 1394 4279 disputans
1415 4197 1511 4259 alter-

461 4304 602 4357 caretur:
627 4292 693 4356 Sed
707 4304 847 4358 mentem
863 4295 935 4357 Deo
958 4293 1096 4360 dicatam
1111 4317 1172 4359 nec
1187 4297 1346 4360 minarum
1362 4297 1511 4360 ferocitas

461 4393 606 4472 reflectit,
634 4414 695 4457 nec
731 4394 1022 4460 blandimentorum
1059 4398 1176 4463 leuitas
1212 4398 1384 4474 demulcet,
1417 4406 1456 4461 ut
1491 4420 1512 4461 a

462 4495 630 4561 cathobcae
666 4496 743 4559 fidei
781 4497 1011 4581 perpendiculo
1048 4498 1090 4563 ad
1125 4513 1224 4565 tortas
1268 4501 1510 4567 simulacrorum
