3759 5425
731 729 1001 776 anonaonrrmr.
1351 721 1393 780 87

333 881 475 946 sindone
494 881 691 966 praecinctus
712 882 943 966 discipulorum
963 883 1064 967 pedes
1086 885 1232 964 abluens,
1246 907 1389 950 normam

332 981 431 1043 nobis
445 981 612 1046 tradiderit
625 981 785 1063 imitandi,
799 983 927 1048 dicens:
958 983 1049 1050 Sicut
1063 1005 1123 1068 ego
1138 985 1210 1064 feci,
1224 986 1272 1050 ita
1286 997 1390 1050 atros

332 1081 430 1144 facite
444 1082 525 1146 aliis.
571 1084 630 1146 Ast
643 1103 718 1146 vero
738 1083 767 1147 si
789 1083 928 1168 quilibet
941 1083 982 1148 de
1003 1086 1133 1165 nostris,
1146 1086 1181 1150 id
1205 1097 1254 1152 eat
1270 1087 1389 1152 Catho-

330 1181 407 1245 licis
435 1182 479 1246 sd
502 1204 560 1247 eos
588 1182 754 1246 habitandi
779 1185 891 1266 gratia,
913 1186 1122 1269 perrexerint,
1144 1209 1210 1251 non
1234 1189 1322 1271 prius
1349 1188 1390 1254 ad

332 1286 534 1348 consortium
562 1285 741 1349 sodalitatis
770 1308 837 1350 suta
866 1286 1049 1353 adsciscere
1079 1289 1261 1372 dignantur,
1291 1313 1389 1374 quam

333 1384 550 1467 quadraginta
574 1385 697 1450 dierum
720 1387 825 1470 spatia
850 1388 884 1451 in
908 1388 1100 1471 poenitendo
1126 1410 1277 1473 peragere
1302 1413 1388 1455 com·

331 1487 506 1569 pellantur.
550 1488 598 1551 llt
616 1489 651 1551 in
672 1489 736 1552 hoc
757 1489 926 1554 haereticos
946 1491 1117 1554 infeliciter
1137 1491 1313 1570 imitantur,
1332 1494 1388 1576 qui

332 1605 372 1650 ae
391 1587 565 1667 Katharos,
578 1589 615 1653 id
635 1601 685 1653 eat
704 1590 843 1654 mundos
863 1593 1043 1677 nuncupari
1064 1593 1241 1657 voluerunt.
1287 1593 1388 1660 Haul

333 1687 495 1772 hempta
521 1691 622 1753 tantis
638 1688 829 1754 erroribus!
863 1692 1093 1776 potiusquam
1118 1693 1234 1758 Evax!
1267 1695 1384 1760 Evax!

332 1791 524 1875 lacrymosis
551 1792 687 1857 vocibus
715 1801 750 1858 at
782 1795 961 1876 querelosis
991 1796 1184 1878 singultibus
1213 1797 1389 1880 lugubriter

330 1891 600 1974 ingeminandum
623 1915 704 1972 reor,
724 1904 875 1960 ettotam
897 1897 960 1960 hoc
983 1909 1095 1960 contra
1110 1897 1280 1980 Evangelii
1305 1920 1385 1983 prae·

331 2008 429 2080 cepta
457 1997 636 2062 secundum
665 1997 901 2062 Pharisaeorum
928 1998 1044 2062 inanes
1074 1997 1263 2063 traditiones
1292 2019 1386 2081 agere

329 2108 518 2177 noscuntur,
543 2097 674 2163 Christo
698 2098 852 2162 veraciter
874 2097 1092 2182 adstipulante
1119 2098 1228 2178 [Matt
1252 2099 1385 2180 xxiii.]:

330 2202 390 2263 Vre
404 2201 509 2278 robis,
524 2200 646 2265 Scriba
662 2211 695 2264 et
709 2200 876 2278 Pharisaei,
891 2201 948 2284 qui
961 2199 1124 2264 mundatis
1140 2200 1229 2285 quod
1246 2201 1322 2265 soris
1337 2213 1387 2266 est

330 2303 424 2366 elicis
447 2314 482 2366 et
508 2302 701 2386 paropsidis.
746 2303 834 2367 Nam
857 2303 1019 2366 Dominus
1049 2325 1122 2367 cum
1145 2304 1328 2387 publicanis
1353 2315 1387 2368 et

329 2405 560 2490 peccatoribus
588 2406 735 2469 convivia
770 2406 950 2470 celebrasse
988 2403 1191 2484 describitur,
1221 2415 1257 2469 ut
1291 2427 1385 2471 verua

329 2506 479 2571 medicus
501 2507 681 2591 purulentis
703 2508 881 2572 animamm
905 2507 1093 2572 vulneribus
1116 2506 1232 2570 divinae
1255 2507 1385 2591 pietatis

328 2607 544 2673 medicamina
558 2619 591 2672 et
605 2610 747 2674 caelestis
762 2609 941 2673 clementiae
956 2607 1154 2691 cataplasma
1168 2620 1383 2692 componeret.

328 2711 460 2776 Idcirco
473 2722 682 2797 peccatorum
697 2712 868 2790 consortia,
881 2709 1117 2774 Pharisaeorum
1138 2730 1236 2787 more,
1252 2709 1383 2773 minime

327 2812 491 2897 despexit,
499 2813 559 2877 sed
573 2814 680 2899 potius
691 2814 780 2876 illam
793 2811 1011 2897 peccatricem
1025 2811 1156 2894 pollute
1167 2810 1241 2873 ritae
1255 2810 1384 2895 piacula

326 2915 509 2999 lugubriter
522 2915 705 2994 deflentem,
713 2925 747 2979 at
756 2913 949 2979 Dominicos
963 2911 1063 2997 pedes
1077 2912 1157 2977 fusis
1170 2914 1382 2996 lacrymarum

326 3017 486 3081 imbribus
509 3018 759 3096 humectantem,
781 3037 819 3081 ac
846 3016 959 3080 solutis
986 3026 1020 3079 et
1043 3016 1129 3079 laxis
1158 3014 1380 3079 cincinnorum

327 3119 473 3183 crinibus
489 3127 666 3200 tergentem
686 3118 783 3183 solita
804 3116 975 3181 clementia
991 3115 1239 3181 misericorditer
1257 3116 1381 3181 refocil-

325 3220 406 3283 larit
433 3218 549 3283 diceus
579 3219 674 3299 [Luc.
704 3219 757 3283 vii.
788 3218 875 3299 47.]:
918 3218 1138 3282 Remittentur
1166 3218 1215 3281 illi
1244 3229 1381 3301 peccata

326 3321 438 3398 multa,
452 3321 529 3404 quia
542 3319 658 3383 dilexit
672 3320 819 3383 multum.

368 3423 453 3495 (brae
474 3443 550 3487 cum
567 3422 614 3486 ita
630 3442 667 3486 se
684 3422 837 3501 babeant,
854 3429 986 3506 propter
1011 3442 1214 3486 communem
1239 3422 1380 3486 coeleatia

324 3526 439 3607 patrie
458 3535 577 3589 sortem
598 3537 631 3589 et
652 3525 817 3608 angelicae
836 3524 1015 3589 sodalitatis
1034 3524 1215 3607 collegium,
1229 3523 1379 3587 subnixia

325 3626 478 3709 precibus
505 3636 540 3689 et
567 3626 665 3689 lienis
691 3625 872 3708 poplitibus
900 3635 1039 3687 vestram
1067 3623 1293 3687 fraternitatem
1322 3622 1379 3687 ad·

320 3725 466 3809 jurantes
483 3727 672 3812 suppliciter
692 3726 917 3807 efflagitamus,
938 3733 975 3787 ut
997 3724 1128 3789 ulterius
1147 3722 1327 3787 doctrinam
1345 3733 1378 3786 et

325 3828 456 3894 decreta
469 3831 557 3895 beati
572 3830 660 3893 Petri
675 3832 861 3894 contumaci
875 3826 984 3893 cordis
999 3828 1170 3911 mpercilio
1185 3836 1217 3891 et
1231 3840 1377 3912 protervo

325 3945 456 4016 pectore
463 3954 530 3998 non
540 3934 783 4014 abominemini,
793 3942 826 3997 et
834 3931 1035 3997 traditionem
1047 3930 1207 3995 Ecclesiae
1219 3931 1378 3997 Romanae

325 4044 455 4117 propter
475 4035 582 4119 prisca
602 4035 743 4120 priorum
765 4043 884 4098 statuta
904 4042 1082 4097 vestrorum
1103 4052 1307 4116 nequaquam
1327 4044 1376 4114 ty·

325 4136 459 4199 rannica
481 4136 553 4200 freti
580 4136 768 4220 pertinacia,
789 4145 972 4216 arroganter
994 4132 1217 4217 aspernemini.
1262 4132 1377 4197 Petrus

326 4258 464 4323 namque
493 4239 558 4302 Dei
586 4238 691 4303 filium
715 4240 812 4302 beata
832 4258 913 4301 voce
937 4236 1103 4300 confessus
1127 4233 1236 4299 audire
1261 4236 1377 4300 memit

328 4336 438 4417 [Bau.
451 4341 554 4421 xvi.]:
593 4341 647 4404 Ta
665 4362 701 4404 ea
723 4340 850 4417 Petras,
862 4349 895 4403 at
916 4338 1109 4422 superbene
1131 4344 1252 4421 petram
1273 4336 1374 4401 edifi-

326 4441 406 4504 cabo
428 4441 615 4506 Ecclesiam
636 4462 751 4519 meam,
773 4451 806 4505 et
830 4449 931 4524 porte
952 4438 1044 4502 inferi
1065 4458 1133 4502 non
1156 4438 1376 4522 prevalebunt

327 4540 474 4607 adversus
503 4564 586 4621 eam,
616 4553 649 4608 et
677 4544 735 4607 tibi
766 4544 849 4607 dabo
878 4543 985 4606 clares
1014 4540 1103 4622 regni
1135 4540 1307 4603 coelorum:
1343 4549 1375 4602 et
