3759 5425
437 716 503 775 m
730 726 1105 787 emunitionem,
1120 726 1192 771 me.

440 884 515 944 loto
543 902 672 944 mum
701 902 821 965 corpus
847 882 883 943 in
911 881 1128 965 asportatione
1150 870 1352 963 pausaverat:
1392 898 1502 942 sacrm

439 983 545 1047 crutis
559 983 728 1064 signacula
735 982 940 1065 erigerentur.
985 982 1124 1045 Manent
1133 980 1240 1045 adbuc
1252 1000 1364 1041 omnes
1379 999 1503 1043 cruces

438 1107 500 1149 nec
522 1086 590 1149 nlla
610 1107 721 1148 eorum
741 1085 907 1149 retusutia
927 1085 1029 1147 sensit
1049 1083 1194 1168 injurias,
1209 1103 1347 1166 quarum
1369 1103 1438 1145 nna
1461 1082 1500 1145 in

440 1187 579 1250 elaustro
599 1186 831 1249 monacbornnr
852 1184 956 1249 rideri
977 1206 1080 1269 tuque
1101 1183 1199 1249 hodie
1223 1194 1339 1269 potest.
1382 1184 1501 1256 Quum

440 1290 525 1351 euim
539 1288 573 1350 in
588 1286 728 1370 quadam
746 1287 841 1363 valle,
854 1286 933 1350 dnm
949 1286 1082 1364 eiceret,
1095 1284 1138 1349 ad
1158 1283 1405 1369 predicandum
1420 1306 1500 1368 per-

441 1400 531 1469 geret
562 1402 597 1451 et
631 1410 813 1453 sermonem
841 1388 884 1451 ad
912 1390 1044 1473 plebem
1073 1388 1209 1452 faceret:
1235 1388 1315 1451 sorte
1337 1387 1499 1451 baculum

440 1490 623 1553 fiuxinennt
643 1511 710 1574 qno
732 1491 883 1553 utebann
903 1502 995 1553 term
1016 1488 1107 1552 fixit:
1139 1500 1172 1551 et
1196 1488 1325 1551 interim
1346 1508 1404 1570 per
1428 1487 1500 1550 Dei

441 1591 590 1653 sinnitern
602 1590 717 1653 miram
731 1591 765 1652 in
787 1588 1045 1671 magnitudinem
1060 1590 1240 1652 excrevisse
1255 1610 1354 1652 succo
1370 1589 1497 1651 anima-

442 1701 509 1753 tus:
523 1690 645 1753 cortice
654 1690 802 1753 indutus:
818 1689 966 1752 soliorum
977 1698 1011 1751 et
1020 1689 1181 1752 frondium
1188 1689 1339 1753 decorem
1346 1689 1498 1752 emisisse

440 1790 569 1854 dicitur.
611 1792 703 1854 Obiit
716 1802 825 1853 antem
840 1811 926 1853 anno
938 1790 1073 1853 Domini
1085 1790 1373 1875 septingentesimo
1386 1810 1494 1852 nono:

439 1892 483 1955 ab
497 1913 585 1955 anno
598 1914 664 1976 qno
686 1894 790 1956 sactus
804 1904 854 1955 est
868 1893 981 1955 Abbae
995 1894 1158 1956 tricesimo
1174 1905 1299 1978 quarto,
1314 1906 1345 1957 ct
1367 1895 1498 1979 episco-

440 2005 537 2075 patus
550 1994 601 2055 sui
614 2015 700 2057 anno
714 1994 839 2076 quinto.
883 1994 964 2056 Post
982 1993 1140 2057 ducentos
1162 1994 1375 2078 quadraginta
1389 2017 1497 2059 annos

440 2110 516 2178 post
544 2096 669 2158 obitum
697 2096 781 2179 ejus,
811 2096 936 2159 scilicet
964 2116 1051 2158 anno
1082 2096 1218 2159 Domini
1247 2098 1495 2178 nongentesimo

444 2188 691 2275 quadragesimo
711 2212 801 2254 nono
815 2194 975 2255 elevamm
997 2194 1059 2256 fuit
1080 2212 1197 2274 corpus
1219 2192 1289 2275 ejus
1311 2214 1435 2257 sacrum
1452 2194 1495 2258 de

441 2304 525 2356 terra
538 2294 621 2355 etin
635 2292 755 2356 scrinio
769 2314 845 2356 cum
859 2314 978 2375 magno
993 2294 1115 2355 bonore
1131 2294 1333 2357 collocatum.
1377 2295 1496 2357 Narrat

443 2396 533 2459 enim
561 2394 664 2473 Beda,
687 2395 772 2457 libro
793 2394 920 2478 quinto,
946 2394 1090 2478 capitulo
1115 2406 1228 2457 octavo
1258 2392 1384 2457 decimo
1406 2394 1495 2480 quod

444 2495 635 2559 Aldbelmus
649 2496 684 2558 iu
705 2495 937 2558 ecclesiasticis
951 2496 1050 2557 rebus
1071 2507 1104 2557 et
1118 2494 1252 2557 scientia
1267 2494 1496 2578 seripturarum

443 2598 593 2660 nobiliter
615 2597 803 2673 instructus,
825 2593 965 2680 scripsit,
973 2596 1113 2681 jubente
1137 2596 1269 2680 Synodo
1291 2618 1359 2660 snm
1380 2600 1498 2679 gentis,

441 2700 559 2763 libmm
591 2698 753 2782 egregium
784 2696 939 2762 adrerum
976 2719 1113 2763 errorem
1146 2698 1314 2761 Britonum
1347 2720 1414 2783 qno
1444 2700 1495 2765 rel

443 2801 570 2864 Pascha
589 2822 657 2864 non
679 2821 739 2862 suo
759 2811 904 2883 tempore
926 2801 1152 2864 celebrabant:
1178 2800 1229 2862 vel
1255 2799 1318 2862 elia
1343 2802 1497 2884 perplura

444 2903 674 2966 ecclesiastice
689 2902 830 2966 castitati
844 2913 878 2965 et
897 2902 972 2985 paci
988 2901 1146 2966 contraria
1168 2903 1337 2982 gerebant:
1360 2904 1496 2966 multos·

445 3026 508 3088 qne
533 3025 645 3066 eorum
667 3003 710 3066 ad
733 3003 938 3067 catholicam
963 3003 1145 3066 Dominicae
1167 3002 1303 3066 Paschae
1326 3003 1498 3068 celebrati·

443 3124 540 3168 onem
555 3103 652 3186 hujus
664 3105 737 3166 libri
756 3105 928 3168 lectionem
950 3102 1118 3188 perduxit.
1162 3101 1299 3186 Scripsit
1320 3103 1407 3167 etde
1422 3107 1498 3170 Vir·

443 3204 575 3287 ginitate
588 3205 707 3267 librum
722 3205 879 3268 eximium
900 3225 1008 3287 quem,
1022 3205 1056 3267 in
1078 3206 1264 3288 exemplum
1288 3204 1424 3286 Sednlii,
1438 3229 1497 3289 ge-

442 3304 565 3368 minato
586 3324 685 3388 opere
707 3316 739 3369 et
758 3306 906 3369 versibus
927 3305 1122 3369 hexametiis
1140 3315 1173 3368 et
1192 3326 1287 3389 prosa
1302 3309 1498 3389 composuit.

443 3407 582 3492 Scripsit
596 3416 629 3471 et
642 3409 706 3473 alia
724 3409 893 3487 nonnulla,
906 3417 1018 3491 utpote
1041 3408 1088 3471 vir
1108 3406 1327 3492 undecunque
1349 3409 1501 3474 doetissi-

444 3532 528 3588 mus,
541 3531 618 3573 nam
631 3521 665 3572 et
678 3529 823 3572 sermone
837 3507 961 3571 nitidus
977 3519 1011 3572 et
1025 3509 1253 3593 scripturarum
1275 3521 1312 3573 nt
1333 3509 1413 3590 dixi,
1428 3521 1498 3576 lam

442 3611 623 3674 liberalium
638 3630 734 3693 quam
744 3609 1047 3674 Ecclesiasticarum
1060 3622 1127 3674 erat
1137 3609 1317 3676 eruditione
1328 3611 1497 3679 mirandus

444 3712 528 3775 lloec
543 3710 645 3776 Beda
