3759 5425
474 804 536 864 att
710 816 785 863 vrrs
800 816 976 863 moneam
993 816 1125 864 rameru
1140 817 1304 865 ruerem.

478 968 639 1033 Dominus
663 967 818 1051 premisit
842 988 900 1051 per
923 967 1068 1033 civitatee
1093 980 1167 1035 ante
1195 969 1438 1054 predicationis
1465 993 1531 1035 sne

477 1068 670 1147 adrentnm3
691 1069 768 1154 quia
781 1078 879 1133 tante
892 1070 1126 1151 persecutionis
1142 1084 1240 1134 aestua
1252 1071 1424 1153 ingruerat,
1441 1071 1529 1157 quod

478 1169 560 1234 nulli
588 1190 698 1233 corum
726 1168 821 1232 licuit
849 1168 969 1232 chartis
1006 1168 1229 1233 commendare
1258 1182 1387 1234 actuum
1418 1192 1530 1235 eornm

479 1270 655 1355 sequentia.
698 1269 798 1352 Apud
819 1269 928 1332 Deum
950 1278 1060 1333 tamen
1081 1288 1191 1332 eorum
1215 1291 1281 1333 non
1307 1272 1413 1335 minus
1439 1282 1533 1335 extat

479 1374 638 1451 meritum,
660 1382 718 1436 ant
740 1372 825 1435 inter
848 1370 997 1434 homines
1025 1372 1213 1449 auctoritas;
1243 1373 1320 1456 quia
1348 1374 1533 1457 frequenter

479 1475 600 1550 rident,
614 1494 687 1557 qum
700 1492 760 1555 per
772 1492 829 1535 eos
842 1471 933 1534 Deus
948 1470 1116 1534 ostendere
1130 1472 1280 1553 dignatur
1294 1472 1380 1535 haud
1395 1472 1531 1536 minima

480 1578 575 1653 laeta,
589 1596 648 1659 pro
662 1573 781 1658 qrribm
794 1570 884 1654 prius
904 1592 969 1633 non
984 1572 1104 1654 scripta
1125 1570 1214 1635 fideli
1236 1572 1332 1636 corde
1354 1574 1532 1637 retinentur

479 1678 550 1741 aine
575 1676 782 1757 ambiguitate
810 1673 935 1737 tradita.
979 1673 1025 1735 Et
1054 1673 1131 1757 quia
1159 1672 1380 1737 accedendum
1407 1684 1459 1737 est
1487 1672 1530 1736 ad

479 1777 573 1843 istius
594 1776 706 1841 Sancti
726 1775 820 1850 beu,
833 1774 1087 1857 supradictorum
1110 1774 1223 1857 utique
1244 1794 1446 1857 nequaquam
1468 1772 1529 1837 mi·

479 1878 579 1954 nima,
594 1895 777 1960 quanquam
790 1895 811 1938 a
824 1874 898 1937 Deo
911 1884 987 1956 post
1003 1874 1175 1937 multorum
1197 1875 1262 1937 sint
1276 1885 1405 1937 ostensa
1425 1894 1529 1937 anno·

479 1998 550 2043 rum
564 1976 734 2053 eurdcula,
748 1976 791 2039 de
804 1974 886 2037 istac
900 1995 934 2037 re
948 1994 1036 2037 nunc
1051 1974 1114 2037 ista
1125 1974 1160 2037 in
1175 1976 1325 2057 prasenti
1341 1976 1513 2039 sufficiant.

522 2076 683 2157 Tempore
703 2076 805 2137 multo
826 2085 1000 2158 postquam
1025 2074 1191 2137 Danorum
1212 2084 1310 2158 attare
1333 2078 1528 2158 Norrregen·

479 2176 563 2240 dum
577 2173 791 2238 crudelissimi
802 2196 894 2255 reges
904 2174 1110 2239 devastavere
1123 2170 1336 2253 Britanniam,
1344 2177 1528 2251 nonnullas,

479 2290 516 2342 ut
535 2274 636 2339 moris
654 2284 704 2339 est
723 2275 931 2337 barbarorum
952 2274 1105 2353 boatium,
1123 2274 1300 2357 pulcriores
1321 2275 1443 2339 duxere
1465 2276 1526 2337 rir-

480 2376 645 2461 gunculaa.
690 2376 779 2441 Inter
800 2395 881 2460 quaa
901 2374 1051 2457 quaedam
1073 2373 1165 2439 valde
1184 2376 1315 2448 nobilis,
1340 2375 1525 2460 Helphildis

479 2478 619 2553 nomine,
633 2498 707 2541 cum
722 2475 850 2559 captiva
866 2474 1047 2549 duceretur,
1061 2472 1188 2541 cuidam
1210 2476 1382 2541 Primatum
1404 2476 1525 2560 pulcri·

480 2578 600 2645 tudinis
624 2598 721 2643 causa
744 2575 838 2639 valde
863 2574 1077 2656 complacuitr
1103 2576 1159 2659 qui
1183 2577 1297 2657 legale,
1322 2576 1409 2661 quod
1434 2578 1524 2661 prius

478 2680 634 2745 habuerat
648 2678 746 2764 juxta
767 2677 961 2760 gentiacum
984 2696 1114 2754 morem,
1130 2676 1306 2742 destituens
1328 2679 1525 2764 eonjugium,

480 2781 557 2846 dum
581 2782 643 2846 bac
668 2781 748 2844 sorte
773 2789 913 2844 uteretur
936 2779 1129 2857 concubine,
1154 2792 1257 2846 morte
1280 2782 1526 2864 superveniente

478 2881 648 2948 defamatus
666 2891 725 2947 eat
769 2881 852 2948 Haec
873 2900 948 2944 vero
968 2881 1078 2944 orbata
1097 2880 1183 2944 illius
1204 2881 1350 2959 oonsilio,
1373 2883 1525 2947 remansit

476 2982 763 3063 interslienigenas
770 2979 889 3044 media.
909 2979 962 3042 Ad
973 2999 1069 3063 qtram
1082 2979 1246 3044 Dacorum
1254 2981 1524 3060 archimandrita,

478 3083 611 3166 cupiens
625 3081 715 3162 qood
730 3081 934 3163 subsequitur
948 3081 1084 3158 efficere,
1099 3081 1177 3166 quia
1191 3083 1318 3146 carebat
1331 3083 1453 3160 liberie,
1464 3085 1524 3150 etsi

475 3201 577 3247 uxore
591 3180 771 3261 superstite,
784 3201 851 3244 una
866 3190 988 3244 tantum
998 3180 1159 3261 ingressus
1168 3193 1275 3260 nocte,
1287 3182 1399 3263 genuit
1410 3183 1522 3250 filium.

476 3283 550 3356 Quo
574 3280 717 3361 cognito,
742 3281 818 3346 Rex
847 3281 965 3363 pietate
990 3291 1107 3360 motus,
1132 3283 1208 3365 quia
1234 3281 1361 3349 advena
1388 3298 1465 3359 erat,
1491 3297 1525 3350 et

476 3405 584 3450 amore
598 3382 750 3465 genitura
766 3405 861 3468 quam
876 3383 911 3445 in
921 3403 962 3445 ea
972 3382 1090 3446 lecerat
1099 3383 1236 3461 illectus,
1247 3397 1283 3448 ut
1293 3406 1363 3449 eam
1375 3399 1525 3464 seruaret,

476 3497 574 3571 utque
588 3485 768 3550 necessaria
788 3485 819 3547 ei
841 3482 1003 3560 tribueret,
1024 3483 1135 3548 uxoris
1155 3483 1233 3548 iram
1250 3495 1343 3548 caute
1366 3498 1525 3564 metuens,

477 3587 604 3651 cuidam
634 3585 741 3648 Deum
770 3582 895 3647 timenti
924 3580 1160 3646 commendavit
1187 3583 1375 3667 Episcopo:
1410 3585 1475 3657 Qui
1505 3607 1526 3650 a

477 3689 620 3753 Domino
654 3705 769 3770 capere
798 3684 1037 3748 retributionem
1067 3685 1222 3764 ambiens,
1251 3685 1438 3771 dominique
1472 3689 1525 3752 aui

476 3788 732 3853 benevolentiam
741 3785 859 3849 habere
874 3783 1021 3867 cupiens,
1032 3803 1133 3867 usque
1144 3807 1209 3868 quo
1223 3806 1302 3869 puer
1310 3787 1526 3852 ablactaretur

475 3911 547 3955 eam
567 3888 740 3954 liberaliter
760 3885 836 3950 fecit
856 3883 1021 3948 custodiri.
1066 3887 1234 3950 Ablactato
1256 3885 1395 3969 denique
1418 3887 1525 3952 insau-

476 3992 544 4055 tulo
565 4011 623 4054 rex
644 3989 698 4051 ille
721 3987 821 4051 obiit:
842 3987 912 4050 brec
934 4005 1009 4048 vero
1034 3997 1130 4048 nocte
1152 3986 1278 4069 rapiens
1300 3986 1416 4064 lilium,
1437 3988 1526 4068 suge

475 4092 566 4176 petiit
587 4089 768 4165 latibulum,
782 4087 917 4168 Reginae
939 4086 1073 4148 virentis
1096 4085 1201 4150 adbuc
1225 4086 1382 4148 incurrere
1406 4086 1527 4150 timeus

474 4192 662 4275 periculum.

518 4291 653 4354 Peracto
674 4288 750 4350 binc
766 4286 935 4368 septennio
958 4283 1101 4350 auditum
1123 4298 1171 4350 eat
1186 4307 1206 4348 a
1228 4285 1345 4360 multis,
1360 4307 1430 4350 eam
1452 4307 1521 4352 non

475 4391 588 4474 procul
602 4408 671 4450 esse
686 4387 719 4448 in
739 4388 869 4450 remotis
882 4386 1042 4469 partibus:
1065 4398 1140 4450 tuuc
1158 4406 1215 4468 pro
1231 4407 1269 4449 ea
1291 4386 1377 4448 Dani
1394 4386 1521 4464 misere,

474 4507 539 4566 quo
551 4486 652 4548 fllium
674 4485 835 4547 reduceret
856 4495 892 4547 ut
907 4494 1041 4566 paterno
1061 4486 1214 4550 frueretur
1229 4485 1320 4548 solio.
1365 4484 1462 4556 Quod
1487 4496 1521 4548 et

473 4587 593 4644 fictum
615 4595 674 4655 est,
697 4595 905 4647 rortrntamen
929 4583 1014 4646 idem
1038 4586 1175 4665 regulus,
1198 4605 1282 4647 anno
1306 4597 1338 4648 et
1363 4585 1461 4648 semis
1483 4585 1519 4648 in

474 4677 610 4741 culmine
635 4679 723 4751 regni
749 4691 921 4754 transacto,
946 4683 1004 4744 bac
1031 4683 1102 4745 luca
1129 4683 1298 4748 defunctus
1320 4695 1380 4748 est.
1423 4684 1521 4748 Tunc
