3759 5425
637 752 682 798 nn
698 753 782 799 ocro
798 751 1053 799 rmucrratrsus
1067 753 1177 798 rmus.
1368 735 1432 794 213

467 904 498 966 E
515 905 633 988 quibus
646 906 680 967 in
695 908 794 990 praelo
809 907 927 990 plantis
942 907 1150 971 contunditur
1164 927 1235 968 uva.

465 1004 540 1068 Jam
555 1015 683 1091 tempus
699 1008 787 1087 cogit
802 1017 965 1072 currentes
980 1007 1131 1072 claudere
1148 1027 1267 1085 versus,

467 1104 603 1170 Rustica
618 1107 799 1190 magnificis
809 1109 1001 1172 condentem
1018 1109 1160 1172 carmina
1174 1108 1305 1187 sanctis,

469 1205 640 1270 Terminus
655 1229 803 1292 aequoreo
819 1207 896 1272 dum
910 1210 998 1272 venit
1012 1197 1151 1290 margine
1166 1209 1269 1286 metri,

469 1305 565 1369 Ponti
581 1329 750 1392 spumosas
765 1319 801 1371 ut
813 1320 912 1372 nauta
926 1309 1106 1372 transfretat
1119 1308 1235 1386 undas,

470 1406 620 1472 Maxima
635 1431 693 1493 per
706 1411 868 1475 modicam
884 1411 1050 1474 dimensus
1066 1411 1183 1473 caerula
1197 1410 1334 1488 lintrem,

470 1510 587 1591 Attigit
602 1521 744 1594 optatum
759 1513 862 1575 lassus
878 1511 917 1576 de
933 1511 1057 1594 gurgite
1071 1511 1171 1588 lituis,

470 1609 616 1691 Turgida
629 1613 771 1675 ventosis
785 1611 953 1695 deponens
969 1613 1102 1675 carbasa
1115 1612 1219 1690 malis,

472 1713 703 1796 Antennasque
718 1715 813 1776 simul
828 1714 958 1776 solvens
974 1712 1014 1775 de
1029 1722 1121 1795 parte
1137 1711 1320 1791 rudentum,

473 1812 624 1877 Anchora
638 1814 840 1896 fluctivagam
854 1835 942 1877 nunc
959 1814 1049 1877 sistat
1062 1814 1196 1877 metrica
1210 1815 1351 1892 barcam,

474 1914 522 1977 Ut
536 1916 648 1978 saltem
662 1916 697 1977 in
712 1925 809 1999 portu
825 1927 993 1999 quassatus
1008 1916 1115 1978 navita
1130 1916 1258 1994 flustris,

472 2014 524 2078 Ad
538 2018 681 2101 requiem
695 2016 842 2094 tendens,
858 2029 967 2101 optata
983 2028 1066 2080 sorte
1079 2019 1209 2082 fruatur.

517 2119 592 2181 Hos
605 2119 703 2200 igitur
717 2141 839 2203 pauper
852 2121 994 2204 supplex
1009 2121 1143 2183 obsecro
1160 2127 1323 2202 patronos,

474 2221 634 2301 virgineis
648 2223 813 2306 proprium
828 2232 993 2285 comentes
1008 2221 1134 2285 actibus
1150 2243 1253 2284 aevum

475 2321 521 2383 Et
534 2321 670 2385 famulas
685 2322 818 2386 Domini
833 2323 985 2405 precibus
1001 2324 1139 2405 pulsabo
1154 2323 1309 2402 misellus,

476 2423 662 2503 Integritate
678 2445 736 2486 sua
751 2445 823 2507 quae
839 2423 959 2487 Christi
975 2444 1073 2504 regna
1088 2431 1257 2500 merentur,

475 2525 627 2608 Limpida
642 2527 794 2608 stelligeri
808 2525 1000 2590 scandentes
1015 2526 1157 2588 culmina
1171 2526 1256 2604 coeli,

477 2629 524 2692 Ut
540 2629 715 2691 Dominum
730 2630 861 2713 pulsent
875 2630 1016 2692 clamosa
1031 2649 1109 2692 voce
1124 2629 1314 2709 Tonantem,

478 2730 541 2802 Qui
556 2731 637 2793 solet
651 2730 794 2811 indignis
808 2732 892 2793 ultro
907 2730 1111 2793 miserescere
1126 2731 1242 2806 vernis,

480 2830 713 2915 Conversisque
728 2832 791 2894 reis
805 2852 965 2895 noxarum
980 2832 1100 2894 solvere
1116 2832 1232 2909 vincla,

480 2933 644 3004 Quatenus
658 2942 733 2997 ante
748 2934 845 3012 diem,
862 2934 917 3017 qni
931 2933 1003 2996 vitae
1018 2933 1143 2997 lumina
1157 2933 1290 3012 claudit,

481 3034 621 3096 Necnon
636 3046 711 3097 ante
727 3035 812 3098 diem
827 3035 885 3117 qui
898 3035 1011 3098 mortis
1025 3035 1138 3099 limina
1152 3036 1277 3119 pandit,

481 3133 608 3198 Cuncta
622 3137 803 3218 piaclorum
817 3139 979 3200 solvantur
993 3149 1082 3220 gesta
1097 3159 1250 3216 meorum,

480 3238 527 3299 Et
541 3236 758 3321 quodcunque
772 3237 850 3300 mali
865 3238 966 3319 gessit
980 3239 1102 3302 lasciva
1111 3240 1276 3323 juventus,

480 3338 598 3401 Deleat
613 3348 760 3415 aeternus,
776 3340 926 3403 caelorum
944 3340 1055 3419 gloria,
1071 3340 1228 3416 Christus,

482 3439 664 3503 Clementer
677 3440 802 3502 reniam
818 3440 972 3517 tribuens,
987 3452 1123 3524 peccata
1137 3442 1287 3520 remittat,

481 3542 628 3617 Actibus,
644 3551 699 3603 aut
713 3540 818 3618 dictis,
833 3562 891 3603 seu
906 3542 976 3603 solo
991 3542 1093 3604 noxia
1107 3562 1214 3616 sensu,

483 3644 537 3707 Sic
550 3642 630 3705 milri
646 3641 795 3722 dignetur
810 3642 1001 3704 Sanctorum
1016 3662 1141 3703 summa
1155 3652 1308 3725 potestas,
1382 3692 1385 3699 .

403 3748 409 3755 “
482 3743 673 3807 Praesidium
690 3744 805 3806 misero
821 3742 936 3805 devote
952 3741 1031 3806 ferre
1048 3741 1198 3821 vicissim,

486 3846 575 3918 Quos
589 3866 650 3926 ego
664 3845 807 3925 virgineo
823 3843 980 3927 descripsi
995 3843 1136 3906 carmine
1151 3844 1253 3922 metri,

486 3949 533 4011 Ut
546 3948 679 4010 minime
694 3948 817 4010 lateant
831 3956 992 4009 castorum
1007 3956 1089 4009 serto
1106 3965 1164 4028 per
1178 3945 1299 4023 orbem,

484 4048 629 4118 Qualiter
642 4066 682 4109 ex
697 4046 826 4130 propria
840 4046 1032 4109 meruissent
1046 4066 1141 4108 carne
1156 4066 1301 4110 coronas.

527 4148 593 4211 Sed
608 4170 665 4211 vos
679 4148 829 4229 virgineis
844 4147 943 4210 comit
958 4168 1040 4231 quos
1055 4144 1157 4212 infula
1170 4148 1273 4225 sertis,

484 4252 559 4314 Hoc
576 4272 670 4334 opus,
685 4250 835 4315 adversus
851 4252 1001 4333 querulos
1016 4250 1178 4314 defendite
1193 4271 1327 4329 scurras,

488 4348 767 4433 Reprehensorum
783 4346 970 4411 claudentes
985 4349 1074 4410 labra
1088 4349 1288 4431 loquentum,

487 4448 571 4513 Cum
586 4460 693 4511 tamen
709 4448 795 4511 haud
810 4458 947 4510 metuam
965 4468 1141 4509 scurrarum
1158 4445 1247 4509 diota
1260 4448 1432 4529 legentum,

487 4552 550 4622 Qui
567 4551 690 4613 malunt
705 4558 813 4611 vatum
829 4546 965 4610 schedas
980 4548 1117 4611 lacerare
1133 4559 1315 4621 currentum,
