3759 5425
440 729 502 787 ala

697 745 741 792 DE
756 747 841 793 00T0
857 749 1110 798 salacissimus
1125 752 1235 798 v1T11s.

528 895 700 980 Deprimit,
714 909 750 961 ut
763 913 896 967 cunctas
907 924 972 966 nou
988 905 1091 986 possit
1105 905 1216 968 charta
1229 925 1364 969 coronas

528 996 691 1062 Prendere
707 1001 875 1083 virgineas,
891 1005 962 1067 aliis
978 1004 1035 1069 sed
1050 1005 1191 1089 plurima
1204 1015 1327 1069 restant

526 1099 740 1180 Perticienda,
753 1103 864 1167 mdem
879 1106 1004 1168 malunt
1018 1107 1073 1190 qni
1089 1127 1221 1170 noscere
1236 1127 1381 1184 sensum,

527 1201 716 1286 Ingeniique
731 1205 781 1268 sui
795 1207 911 1268 nolunt
923 1219 1106 1289 torpescere
1121 1217 1239 1286 cotem,

528 1303 605 1365 Non
620 1305 723 1368 aciem
739 1305 846 1370 cordis
860 1309 989 1371 scrabra
1002 1309 1150 1390 rubigine
1165 1309 1314 1393 perdunt,

526 1404 601 1468 Otia
614 1427 674 1469 nec
689 1408 851 1491 propriam
864 1409 1015 1493 linquunt
1029 1409 1206 1473 obtundere
1222 1419 1373 1486 mentem,

526 1505 613 1577 Quin
630 1509 739 1591 potius
753 1529 861 1572 sacros
876 1523 1002 1573 versant
1016 1510 1076 1572 sub
1092 1521 1221 1594 pectore
1235 1510 1348 1585 libros,

527 1605 648 1671 Crebro
663 1618 841 1673 scrutantes
855 1612 1043 1696 praescripta
1058 1611 1224 1676 volumina
1237 1611 1357 1692 legum,

527 1709 606 1780 Quae
621 1722 772 1793 superant
784 1712 889 1774 mellis
902 1714 1042 1776 mulsum
1058 1711 1241 1789 dulcedine,
1257 1722 1384 1794 gustum

527 1811 752 1897 Florentisque
765 1813 840 1892 favi,
856 1815 975 1878 cecinit
990 1814 1077 1900 quod
1093 1813 1233 1878 carmine
1250 1821 1345 1875 vates.

526 1911 579 1976 Sic
594 1913 695 1978 lector
708 1915 783 1978 libri
798 1918 906 1992 solers,
921 1928 955 1979 et
970 1937 1088 1998 gnarus
1103 1927 1234 1985 amator,

526 2013 646 2077 Nititur
660 2017 780 2080 electos
795 2017 970 2102 Scripturas
986 2039 1115 2101 carpere
1130 2017 1262 2092 fructus,

526 2114 572 2176 Ut
586 2135 688 2196 pecus
701 2127 841 2198 agrestes
855 2138 898 2180 ex
912 2130 1004 2201 prato
1019 2118 1147 2182 vellicat
1162 2116 1288 2192 herbas,

525 2217 701 2279 Nocturnis
714 2219 872 2282 recubans
887 2241 968 2304 quas
983 2239 1090 2283 rursus
1104 2217 1244 2282 ruminet
1258 2216 1358 2278 boris.

524 2317 589 2381 Sed
604 2339 658 2382 sua
672 2320 808 2382 canosis
823 2318 983 2384 volutabri
999 2321 1147 2384 sordibus
1161 2329 1248 2403 apta,

524 2420 688 2483 Altemare
702 2422 815 2504 nequit
829 2443 936 2485 crasso
952 2423 1012 2485 sub
1028 2434 1155 2504 gutture
1170 2440 1295 2496 rumen,

524 2522 612 2584 Dum
628 2522 732 2586 stratis
747 2523 906 2586 recubans
920 2537 1084 2607 porcaster
1098 2530 1212 2607 pausat
1227 2523 1344 2584 obesus
1378 2579 1381 2586 ,

524 2623 546 2687 J
547 2624 639 2686 uncis
654 2637 686 2687 et
701 2623 829 2708 stipulis
842 2647 970 2689 necnon
986 2626 1174 2709 filicumque
1189 2623 1351 2708 maniplis.

524 2729 607 2791 Ante
623 2728 702 2807 dies,
716 2730 860 2813 inquam,
876 2751 1061 2814 quanquam
1077 2729 1156 2793 mibi
1172 2726 1326 2801 Quintilis
1342 2725 1468 2802 ardens,

525 2830 658 2894 Sextilis
673 2839 728 2895 aut
744 2832 839 2895 etiam
856 2834 1015 2915 protelent
1029 2844 1173 2915 tempora
1187 2830 1289 2907 terris,

524 2931 676 3011 Deficiet,
690 2942 786 2995 totam
802 2954 899 3017 quam
913 2935 1036 3017 possim
1052 2932 1191 3019 paudere
1206 2932 1334 3009 famam,

522 3033 709 3114 Virginibus
724 3036 822 3099 castis
837 3036 956 3100 fantem
971 3036 1135 3120 preconia
1148 3034 1264 3099 laudis.

525 3134 596 3197 Nec
612 3134 696 3196 salet
708 3136 901 3201 immensum
915 3137 1057 3222 perfecte
1072 3139 1151 3201 forte
1166 3136 1333 3221 pudorem,

523 3234 659 3298 Garrula
672 3236 843 3301 raucisono
859 3240 1028 3324 complecti
1046 3238 1163 3324 pagina
1178 3258 1288 3301 versa:

521 3336 675 3408 Quamvis
690 3339 828 3404 millenis
844 3342 1031 3405 collaudent
1046 3362 1102 3405 ora
1115 3340 1264 3425 loquelis,

524 3439 617 3504 Sicut
631 3440 791 3526 folligenis
806 3443 963 3527 respirant
978 3464 1097 3525 organa
1110 3443 1230 3515 flabris,

521 3543 650 3608 Musica
664 3544 814 3622 concisis,
829 3553 861 3609 et
875 3545 994 3609 clamat
1008 3546 1134 3609 barbita
1147 3544 1285 3607 bombis.

521 3647 626 3711 Vinea
639 3668 737 3731 parra
751 3646 830 3709 mibi
844 3647 998 3711 flaventes
1009 3646 1142 3732 protulit
1157 3666 1246 3721 uras,

522 3748 676 3821 Quamvis
690 3747 725 3810 in
740 3747 847 3829 gracili
863 3758 1009 3811 vernaret
1021 3746 1195 3831 pampinus
1207 3768 1292 3810 arvo.

476 3930 482 3945 ι
522 3848 618 3913 Unde
633 3847 795 3934 pudicitia
811 3869 946 3932 carpens
961 3848 1002 3911 de
1018 3848 1149 3933 palmite
1165 3849 1286 3924 botros,

521 3953 631 4037 Ocyus
646 3950 793 4035 expressi
807 3962 979 4014 metrorum
995 3951 1134 4034 paucula
1147 3960 1262 4028 musta,

521 4057 553 4120 N
555 4076 597 4117 on
612 4065 718 4117 tamen
735 4052 868 4115 arbitror
884 4051 972 4135 quod
988 4061 1137 4116 acescant
1152 4072 1281 4135 prorsus
1295 4050 1330 4115 in
1345 4072 1462 4129 aarum,

520 4157 586 4219 Ant
602 4152 713 4217 dentes
728 4150 864 4216 stridant
877 4153 912 4215 in
927 4164 1007 4236 potu
1021 4152 1099 4215 forte
1115 4152 1292 4231 bibentum,

521 4260 566 4323 Ni
581 4259 679 4322 fallax
697 4275 803 4339 caupo
817 4256 966 4339 strophas
981 4254 1131 4318 infundat
1145 4275 1295 4339 aquosas,

519 4360 583 4433 Qui
599 4360 680 4424 solet
693 4358 853 4423 interdum
868 4369 1047 4422 mercantes
1062 4358 1169 4422 fallere
1186 4355 1338 4442 lymphis,

518 4462 607 4525 Dum
623 4460 732 4524 studet
743 4463 777 4526 iu
794 4461 911 4545 cuppis
926 4460 1042 4523 defruti
1058 4458 1191 4543 perdere
1207 4467 1326 4522 nectar.

518 4564 640 4630 Taliter
653 4560 855 4648 adstipulans
870 4573 963 4627 natos
979 4561 1019 4625 de
1034 4562 1098 4624 vite
1113 4582 1268 4639 racemos,
