3759 5425
666 748 710 796 nn
724 751 808 796 ocro
825 751 1082 798 rurucrssnrsus
1098 750 1207 796 vrrrrs.
1401 733 1466 792 215

499 899 664 986 Principio
680 905 730 968 vel
745 906 835 969 culce
850 928 962 971 carens
977 915 1010 969 et
1023 903 1177 988 temporis
1192 923 1319 986 expers,

497 1000 560 1064 Cui
576 1002 675 1084 dedit,
690 1017 745 1071 aut
759 1006 900 1091 dempsit
914 1008 972 1086 nil,
985 1005 1098 1070 mundi
1113 1006 1209 1087 louga
1222 1012 1375 1080 vetustas,

497 1102 624 1167 Arbiter
638 1117 793 1171 aeternum
807 1108 887 1170 mihi
897 1108 967 1191 jam
981 1107 1166 1170 miserescat
1180 1103 1215 1167 in
1230 1126 1343 1169 oevum.

494 1199 559 1276 Qui
573 1204 767 1271 laetabuntur
781 1228 838 1291 per
853 1207 924 1271 caeli
939 1207 1081 1271 culmina
1095 1205 1210 1281 saneti,

498 1301 604 1387 Atque
620 1309 804 1372 catervatim
817 1307 997 1373 laudabunt
1010 1327 1089 1370 voce
1104 1306 1307 1383 Tonantem

497 1402 691 1470 Patriarchae
705 1409 821 1492 primo,
836 1408 892 1492 qui
906 1408 1012 1490 gentis
1027 1407 1171 1489 germina
1184 1427 1294 1482 sacre,

497 1503 543 1568 Et
556 1507 711 1587 sobolem,
726 1509 921 1593 stirpemque
936 1507 1049 1573 rudem
1064 1528 1203 1590 genuere
1218 1515 1383 1592 nepotum,

498 1605 560 1670 Per
574 1616 694 1674 turmas
707 1612 827 1694 pariter
840 1608 1025 1693 procedunt
1039 1609 1166 1692 agmine
1182 1610 1296 1688 denso,

498 1709 543 1772 Et
557 1712 734 1793 regnatoris
747 1713 869 1798 stipant
883 1712 1020 1777 sublime
1035 1713 1188 1791 tribunal,

499 1811 572 1875 lllic
589 1820 624 1875 et
636 1823 744 1878 vetum
759 1816 884 1878 laetatur
898 1824 1004 1878 turma
1017 1814 1170 1898 priorum,

496 1911 578 1988 Quae
593 1914 755 1998 quondam
770 1915 889 1978 cecinit
902 1915 1003 1978 nostri
1018 1915 1179 1978 cunabula
1190 1912 1320 1992 Christi,

494 2015 580 2080 Cum
595 2029 785 2082 restauraret
799 2019 943 2082 labentia
957 2019 1055 2082 saecla
1067 2017 1260 2101 redemptor,

496 2118 693 2202 Expurgans
706 2130 848 2182 vetemm
863 2120 1005 2182 clemens
1019 2126 1226 2182 monumenta
1240 2120 1404 2184 melorum.
1445 2171 1447 2178 ,

496 2220 570 2283 Illic
586 2221 778 2303 martyribus
792 2219 933 2284 florescit
947 2220 1186 2303 vituperonum,

493 2327 635 2389 Vulnere
650 2326 706 2409 qui
720 2323 791 2387 diro
805 2324 995 2406 querebant
1008 2322 1140 2406 praemia
1153 2329 1269 2399 macta,

497 2426 660 2508 Purpureo
675 2426 821 2508 patulum
835 2433 1014 2488 mercantes
1029 2423 1185 2504 sanguine
1200 2443 1349 2503 regnum,

492 2527 566 2604 Quo
580 2528 799 2591 confessorum
815 2525 1001 2607 gaudebunt
1015 2524 1143 2606 agmina
1158 2534 1280 2602 sancta,

459 2637 464 2644 '
491 2629 679 2701 Quamlibet
693 2637 843 2711 expertes
856 2626 951 2689 effusi
966 2623 1134 2705 sanguinis
1148 2633 1272 2686 essent:

495 2730 561 2795 Sed
575 2740 684 2795 temen
698 2730 860 2811 egregiam
875 2727 990 2790 meruit
1002 2724 1163 2791 confessio
1177 2725 1328 2808 palmam.

496 2833 567 2895 lllic
581 2830 769 2912 virginibus,
785 2829 843 2912 qui
856 2829 1007 2912 linquunt
1019 2825 1125 2889 lurida
1138 2824 1243 2889 carnis

494 2932 624 2997 Gaudia
638 2944 782 3009 terrenae,
796 2931 958 2995 confertur
972 2929 1074 3013 gloria
1087 2928 1190 3009 regni,

495 3035 583 3098 Dum
597 3034 706 3098 decies
720 3033 815 3097 denis
829 3032 1035 3097 modulentur
1048 3032 1190 3096 millibus
1205 3030 1295 3112 odas,

492 3133 538 3196 Et
552 3144 664 3216 quater
677 3131 832 3196 undecies
846 3132 1028 3196 conclamat
1042 3132 1183 3198 carmina
1197 3131 1337 3211 Christo,

493 3234 620 3316 Agnunr
635 3241 806 3312 sectantes,
821 3233 877 3316 qui
892 3233 1058 3315 quondam
1073 3233 1230 3316 sanguine
1244 3236 1340 3299 rubro

493 3333 633 3398 Sordida
646 3332 812 3417 peccantis
826 3333 912 3397 saecli
928 3332 1102 3397 meledicta
1115 3334 1228 3417 piarat.

493 3433 580 3497 Cum
594 3433 646 3496 bis
660 3434 815 3497 eoelicolae
830 3433 886 3517 qui
900 3433 1005 3498 fausta
1019 3443 1103 3497 sorte
1118 3433 1273 3511 fruuntur,

492 3537 598 3619 Atque
612 3535 756 3598 coronati
771 3542 900 3616 gestant
915 3534 1035 3597 vexilla
1050 3532 1173 3616 tropaei,

492 3636 624 3719 Quique
639 3636 824 3698 catervatim
839 3634 948 3698 densis
963 3635 1090 3697 caeleste
1105 3634 1244 3698 tribuual

493 3736 642 3800 Millibus
651 3737 686 3798 in
702 3756 779 3817 gyro
793 3735 957 3798 vallabant
970 3732 1076 3797 sidera
1090 3754 1196 3818 supra,

493 3837 636 3901 Ultimus
648 3837 683 3899 in
697 3836 838 3919 requiem
853 3833 961 3897 divino
976 3854 1106 3899 munere
1121 3835 1230 3914 fretus,

490 3936 619 4001 Adduci
633 3955 765 4012 merear,
776 3933 906 3998 Christo
920 3942 1072 4013 regnante
1087 3954 1145 4017 per
1160 3934 1301 3998 aethram.
