3759 5425
649 751 691 797 nu
708 751 875 798 csuursus
890 752 1128 798 vrnorurrsrrs.
1375 742 1416 801 85

358 915 481 968 remoto
496 905 691 970 delitescens
714 907 851 986 tugurio,
865 906 1041 970 theoricam
1057 908 1294 972 anachoreseos
1315 920 1417 971 trans-

362 1008 426 1088 egit
456 1009 567 1086 vitam,
597 1029 639 1071 ex
668 1007 731 1072 hoc
760 1030 850 1092 purae
880 1009 1081 1088 virginitatis
1109 1031 1226 1074 munus
1255 1010 1416 1075 illibatum

359 1128 461 1191 usque
477 1110 725 1190 nonagenariam
750 1110 921 1193 decrepitae
937 1111 1102 1174 vetustatis
1121 1122 1283 1176 senectam
1304 1111 1417 1195 liquet,

359 1211 546 1289 servavisse,
573 1210 662 1293 quod
686 1211 884 1288 Chiliarcho,
905 1209 940 1273 id
966 1222 1025 1288 est,
1047 1212 1175 1275 tribuno
1200 1211 1336 1276 militum
1359 1213 1418 1274 im·

359 1312 507 1396 portuuis
529 1311 682 1394 precibus
705 1310 745 1375 de
768 1311 917 1396 conjugis
939 1312 1202 1378 incommoditate
1224 1313 1414 1396 suppliciter

358 1414 507 1478 consulta
529 1413 697 1494 flagitanti,
721 1424 756 1477 ut
782 1435 816 1476 se
839 1412 1041 1476 invisendum
1064 1413 1151 1478 adire
1173 1426 1346 1498 pateretur,
1366 1417 1416 1478 in-

359 1514 503 1578 tentione
533 1514 636 1596 rigida
663 1514 866 1598 respondisse
896 1515 1004 1593 fertur,
1033 1516 1095 1579 sibi
1124 1539 1290 1600 nunquam
1319 1517 1416 1582 moris

358 1616 456 1680 fuisse
472 1616 603 1680 videndi
624 1618 780 1698 mulieres,
796 1631 829 1681 et
843 1619 1006 1701 praecipue
1021 1639 1065 1682 ex
1082 1641 1147 1702 quo
1164 1621 1198 1683 in
1218 1620 1305 1683 illius
1327 1601 1416 1704 rupis

359 1739 392 1782 se
409 1718 605 1782 monasterio
621 1719 843 1794 conclusisset,
858 1717 981 1782 idcirco
995 1739 1054 1802 pro
1074 1719 1198 1804 adeptae
1223 1718 1417 1803 integritatis

359 1820 533 1898 chlamide,
558 1841 656 1904 quam
685 1821 839 1900 angelica
861 1820 1010 1903 puritatis
1034 1821 1222 1885 liniamento
1244 1823 1332 1886 velut
1357 1820 1416 1884 do-

359 1922 493 1988 mestica
514 1922 683 1986 sodalitate
706 1923 916 1999 admiscebat,
939 1922 1045 1986 lutura
1066 1924 1264 2005 propheticas
1294 1923 1416 1987 divina·

359 2025 457 2090 tionis
484 2029 626 2103 oracula,
648 2048 718 2111 quae
748 2026 887 2110 reliquos
916 2027 1066 2090 latuerint
1093 2029 1243 2092 mortales
1272 2049 1417 2111 praesago

359 2127 488 2192 afflatus
503 2130 617 2212 spiritu
632 2140 783 2212 expertus
798 2139 854 2192 est.

401 2228 512 2292 XXX.
551 2231 623 2294 Nec
660 2229 915 2313 praetereundum
946 2231 1079 2295 arbitror
1114 2232 1218 2295 beatae
1254 2234 1416 2297 memoriae

359 2330 589 2408 Benedictum‚
604 2351 701 2413 quem
717 2333 757 2396 ab
773 2332 852 2416 ipsis
867 2331 1011 2396 infantiae
1032 2333 1200 2396 cunabulis
1214 2333 1260 2398 ita
1273 2334 1415 2398 fortuna·

359 2441 426 2496 tum
456 2434 606 2498 vocabuli
635 2435 823 2518 praesagium
853 2435 1018 2518 pascebat,
1048 2441 1085 2497 ut
1105 2435 1235 2518 penitus
1265 2435 1358 2499 aliter
1381 2434 1415 2498 in

358 2536 527 2619 proposito
543 2535 662 2599 divinar
677 2535 841 2616 religionis
860 2536 966 2600 rivere
988 2535 1147 2619 nequiret,
1161 2557 1258 2619 quam
1278 2535 1416 2619 propriae

359 2636 589 2721 appellationis
612 2635 752 2717 dignitas
767 2647 800 2700 et
821 2636 962 2700 coelestis
977 2632 1109 2719 εὐλογίας
1123 2635 1333 2719 praerogativa
1346 2655 1416 2717 per·

358 2740 506 2803 mitteret.
553 2738 638 2803 Nam
663 2760 735 2803 cunr
760 2739 895 2821 gratuita
920 2760 1068 2822 supcmae
1089 2737 1290 2801 liberalitatis
1310 2736 1416 2799 muni·

358 2841 492 2907 licentia
521 2852 644 2905 mactus
673 2864 752 2927 puer
776 2844 968 2926 pollesceret
996 2851 1029 2905 ct
1059 2838 1213 2903 secundis
1234 2838 1417 2903 meritorum

358 2942 565 3007 successibus
583 2964 642 3027 per
662 2952 835 3029 augustum
856 2942 1025 3025 Hesperiae
1048 2962 1182 3024 regnum
1203 2941 1268 3005 late
1290 2942 1416 3006 crebre·

359 3054 473 3122 sceret,
496 3042 583 3107 haud
610 3044 723 3108 frustra
747 3065 818 3108 cunr
847 3042 1003 3107 advocato
1026 3053 1060 3105 et
1085 3041 1285 3125 redemptore
1306 3053 1416 3106 nostro

359 3147 449 3211 soelix
465 3146 618 3211 vocabuli
639 3145 842 3228 privilegium
862 3144 1074 3229 participavit.
1118 3145 1171 3209 De
1190 3166 1256 3227 quo
1270 3147 1417 3209 laetantes

359 3246 553 3329 Evangelici
569 3268 711 3312 consona
726 3248 805 3313 vicis
827 3246 995 3311 harmonia
1016 3248 1191 3330 psallentes
1212 3246 1417 3311 concorditer

360 3350 566 3414 cecinerunt:
605 3350 807 3415 Benedictus
837 3352 895 3434 qui
925 3352 1013 3413 venit
1038 3352 1076 3413 in
1101 3351 1242 3413 Nomine
1267 3350 1415 3413 Domini.

359 3451 464 3537 Cujus
487 3453 532 3515 rei
556 3454 700 3534 regulam
721 3462 832 3517 nostra
854 3472 984 3535 quoque
1005 3450 1211 3515 mediocritas
1231 3450 1417 3514 authentica

359 3565 502 3617 veterum
539 3554 726 3619 auctoritate
756 3552 905 3631 subnixa,
934 3552 968 3615 in
1006 3561 1209 3616 sacrosancta
1238 3552 1415 3633 palmarum

359 3658 554 3723 solennitate
584 3658 671 3721 binis
701 3656 858 3721 classibus
888 3676 1007 3719 canora
1035 3676 1114 3718 voce
1144 3674 1355 3735 concrepans,
1384 3664 1417 3715 et

359 3761 496 3843 geminis
533 3761 744 3825 concentibus
774 3760 906 3825 Osanna
933 3760 1124 3843 perardtans,
1153 3777 1227 3820 curn
1259 3755 1416 3840 jucundae

353 3861 558 3947 jubilationis
573 3861 713 3926 melodia
728 3861 941 3926 concelebrat.

401 3966 507 4047 Igitur
527 3963 696 4049 praelatum
717 3960 836 4027 Christi
859 3972 1004 4045 tyronem
1027 3970 1158 4044 propter
1177 3960 1363 4044 incorrupta
1384 3971 1417 4024 et

353 4064 473 4149 jugiter
502 4064 661 4129 stellantia
697 4062 961 4127 inmarcescibilis
990 4058 1156 4145 pudicitia
1185 4070 1268 4121 serta
1297 4068 1415 4123 sanctae

358 4164 523 4231 Trinitatis
543 4166 642 4232 tutela
662 4174 854 4249 protectum,
874 4162 1066 4246 prophetica
1086 4162 1179 4244 signa
1201 4162 1418 4243 sequebantur

360 4282 391 4333 et
413 4290 555 4353 superna
574 4268 731 4332 miracula
753 4266 881 4331 coelitus
903 4265 1147 4339 comitabantur,
1162 4261 1321 4344 siquidem
1342 4268 1419 4345 post

359 4368 462 4435 diruta
482 4370 729 4435 simulacrorum
748 4367 868 4431 sacella
882 4377 914 4429 et
934 4364 1105 4447 dissipatas
1124 4360 1272 4425 fanaticae
1289 4360 1416 4443 gentili·

359 4473 433 4537 tatis
447 4471 659 4548 ceremonias,
669 4491 742 4553 quae
757 4468 853 4531 vitam
867 4465 1006 4531 veritatis
1018 4471 1183 4547 expertem
1198 4462 1263 4526 sato
1279 4462 1414 4526 fortune

360 4586 392 4641 et
402 4576 524 4641 Genesi
538 4573 710 4657 gubernari
721 4572 818 4658 juxta
826 4566 1128 4634 Mathematicorum
1140 4564 1416 4631 constellationem

859 4688 881 4732 D
897 4678 917 4733 2
