3759 5425
648 734 1052 795 astaronaanacmcruu,
1068 736 1140 781 nro.
1363 721 1428 779 ato

416 889 458 951 D.
474 888 556 961 Quis
568 899 616 951 est
628 885 747 951 divisus
758 910 866 953 versus
876 887 981 952 t-M.
998 888 1063 961 Qui
1072 889 1107 950 in
1119 886 1305 952 scandendo
1317 897 1422 971 partes

370 991 523 1054 orationis
538 1001 701 1073 separatas
715 990 823 1069 habet,
839 990 873 1053 id
888 1002 937 1055 est
951 1003 986 1055 ut
1000 1001 1079 1074 quot
1092 990 1194 1074 pedes
1208 991 1317 1068 habet,
1328 997 1376 1054 tot
1389 1002 1423 1053 et

372 1091 543 1168 orationes,
557 1102 592 1155 ut
606 1100 703 1175 puta:

514 1196 565 1250 Dic
576 1196 650 1262 mihi,
663 1196 732 1261 cuo,
744 1198 863 1266 quisnam
875 1198 973 1268 primur
984 1196 1086 1266 lingere
1098 1215 1195 1252 rerana

371 1297 428 1361 sed
452 1294 637 1380 hujusmodi
664 1317 788 1359 uersum
817 1295 1070 1379 penthemimere
1095 1296 1144 1359 vel
1169 1294 1422 1378 hepthemimere

372 1409 532 1462 carentem
554 1396 726 1460 modernus
749 1418 826 1461 usus
846 1397 881 1459 in
904 1397 1090 1461 hexametro
1113 1396 1274 1480 dactylico
1295 1416 1361 1459 non
1383 1394 1422 1458 li·

373 1502 486 1564 beuter
500 1498 650 1563 admittit.

416 1602 457 1663 D.
488 1599 570 1673 Quis
591 1607 640 1662 est
662 1620 772 1662 versus
793 1599 913 1663 mixtus
925 1596 1030 1663 t-M.
1055 1598 1119 1671 Qui
1140 1608 1310 1683 utrumque
1331 1598 1367 1660 in
1389 1618 1423 1659 se

375 1704 483 1779 habet,
496 1700 531 1765 id
547 1709 596 1765 est
610 1710 733 1784 partem
749 1700 884 1764 districti
899 1710 931 1764 et
946 1710 1067 1784 partem
1082 1699 1190 1763 divisi.

418 1806 459 1868 D.
489 1803 630 1867 Facilius
652 1801 776 1865 ratione
803 1803 924 1877 flector,
948 1803 976 1865 si
999 1802 1149 1885 exemplo
1172 1797 1424 1884 probareris?—

374 1908 422 1970 M.
443 1904 595 1986 Virgilius
609 1905 692 1967 libro
709 1905 766 1967 IV.

515 2004 656 2072 Arragina
666 2003 740 2071 gravi
748 2003 903 2075 jamdudum
915 2004 1003 2057 saucia
1014 2021 1083 2057 cura

375 2095 419 2156 Et
434 2093 532 2156 infra:

511 2186 614 2242 Vulnus
626 2186 674 2241 alit
683 2189 756 2241 venia
768 2192 796 2241 el
806 2205 874 2241 caeco
885 2189 997 2259 carpitur
1008 2189 1085 2256 igne:

375 2288 407 2341 et
423 2277 548 2359 Sibylla
563 2277 762 2360 prophetissa
777 2277 839 2342 ait:

515 2374 678 2428 Denumerat
689 2376 776 2429 tacitis
787 2380 828 2429 tot
838 2376 946 2428 erimina
956 2377 1073 2429 conscius
1083 2374 1159 2429 ultor.

375 2478 407 2529 et
422 2464 497 2529 alibi
511 2475 608 2546 poeta
623 2463 719 2528 dicit:

518 2559 612 2613 Petrus
625 2560 786 2633 Apostolioae
797 2563 841 2631 qui
853 2560 966 2614 culmina
977 2561 1101 2633 praesidet
1112 2563 1187 2614 arcis.

376 2661 546 2728 Scanditur
560 2660 618 2724 ita:
642 2660 755 2724 Petrus
766 2660 828 2744 Ap.
840 2659 946 2724 ostoli.
958 2680 1006 2723 cae
1022 2658 1078 2743 qui
1091 2658 1178 2737 (ecce
1189 2679 1264 2744 para
1275 2658 1420 2742 districti)

375 2765 525 2829 culmina.
541 2761 701 2848 presidet.
717 2763 809 2825 arcis.
828 2762 915 2840 (ecce
930 2781 1005 2845 pars
1020 2760 1136 2839 dirisi).

419 2868 460 2929 D.
474 2865 554 2938 Quis
563 2873 611 2928 est
620 2884 729 2928 versus
738 2884 868 2927 caesurae
879 2860 1146 2944 Priapeiael-M.
1160 2862 1224 2935 Qui
1233 2862 1266 2925 in
1277 2863 1425 2948 Priapeio

375 2978 476 3031 metro
492 2962 741 3049 deprehenditur
755 2961 946 3047 adscriptus.

419 3070 461 3132 D.
485 3067 587 3141 Quale
603 3078 652 3131 est
666 3076 800 3129 metrum
816 3065 999 3150 Priapeium
1009 3064 1114 3130 l-M.
1138 3066 1221 3130 Cum
1240 3067 1426 3130 hexametro

374 3192 468 3236 versu
481 3169 576 3254 primi
590 3180 655 3232 tres
670 3167 770 3251 pedes
785 3168 987 3232 concatenati
1001 3169 1082 3231 inter
1096 3190 1131 3232 se
1147 3189 1168 3232 a
1180 3169 1311 3253 reliquis
1325 3169 1426 3232 tribus

375 3271 584 3356 sequentibus
599 3268 692 3332 divisi
708 3268 909 3352 separatique
924 3279 1008 3333 sunt

420 3374 463 3435 D.
483 3374 607 3436 Harum
617 3392 721 3435 rerum
734 3371 952 3454 experimenta
962 3371 1153 3437 authenticis
1162 3372 1305 3436 versibus
1315 3371 1426 3436 doceri

375 3472 522 3537 desidero
535 3470 640 3535 t—M.
662 3469 818 3552 Virgilius
832 3470 865 3532 in
882 3470 1067 3534 Bucolicis:

516 3568 556 3622 Ut
566 3586 644 3639 puero
657 3566 752 3619 Phoebi
764 3567 856 3620 chorus
868 3567 1042 3620 assurrexerit
1052 3569 1144 3619 omnis.

375 3660 459 3722 Item
475 3657 652 3740 Sibyllinos
666 3675 775 3718 versus
788 3655 853 3718 hoc
866 3653 953 3716 idem
969 3653 1126 3717 declarat:

517 3753 599 3806 Vivat
609 3759 640 3806 ut
651 3759 749 3808 aeterno
760 3751 851 3816 bonus,
864 3767 894 3802 ae
905 3751 989 3804 malua
1001 3751 1092 3804 ardeat
1103 3752 1173 3820 igne.

376 3845 459 3906 Item
476 3841 685 3927 Symposius:

516 3940 570 3994 Ore
581 3958 677 4012 procax
687 3956 739 3992 non
751 3957 818 4004 sum,
829 3957 881 3992 non
893 3957 951 3993 auru
963 3942 1100 3994 temeraria
1111 3940 1211 4010 lingua.

377 4030 546 4111 Virgilius:

518 4129 573 4181 Aut
585 4128 691 4182 Ararim
703 4129 816 4182 Parthus
827 4130 901 4182 bibet
912 4135 959 4181 aut
970 4129 1112 4184 Germania
1124 4132 1235 4200 Tigrim.

421 4229 462 4291 D.
496 4227 592 4292 Unde
621 4227 743 4291 dictum
770 4239 819 4292 est
841 4227 1023 4311 Priapcium
1048 4238 1182 4292 metrum
1196 4229 1299 4292 l-M.
1333 4231 1429 4303 Quod

376 4333 529 4416 pleraque
556 4329 697 4394 carmina
726 4327 950 4414 hujuscemodi
976 4329 1010 4390 in
1035 4330 1190 4394 honorem
1215 4329 1324 4414 Priapi
1350 4353 1427 4396 con-

377 4435 496 4517 scripta
512 4443 606 4497 sunt:
631 4441 762 4516 propter
784 4431 873 4516 quod
895 4430 987 4494 multi
1007 4433 1117 4497 volunt
1138 4433 1200 4497 hoc
1225 4455 1325 4516 genus
1341 4456 1428 4498 com·

377 4535 545 4618 positionis
560 4532 720 4596 Bucolico
736 4533 868 4596 carmini
882 4531 986 4612 magis
1000 4535 1180 4598 convenire.
