3759 5425
435 664 499 725 280
707 674 861 720 urrerem
876 674 920 720 an
935 672 1112 736 aornornu,
1128 674 1199 722 nro.

436 829 596 912 regalibus
610 828 736 911 imperii
751 827 885 910 sceptris
901 826 1086 908 fulgentem,
1100 848 1175 891 cum
1189 824 1365 890 furibundo
1387 824 1490 888 cavil-

437 929 567 994 lationis
577 927 716 991 ludibrio
732 936 765 991 et
778 928 934 1010 probroso
949 940 1136 1011 gannatura
1147 927 1373 993 subsannantis
1382 925 1492 1007 elogio

439 1029 610 1095 crudeliter
635 1048 844 1112 componens,
869 1027 1017 1093 Carduae
1041 1028 1166 1112 (inquit)
1190 1029 1310 1093 Libani
1334 1027 1424 1090 misit
1446 1026 1490 1090 ad

440 1130 579 1197 cedrum
596 1150 669 1214 quae
690 1141 740 1193 est
761 1130 796 1192 in
812 1129 950 1207 Libano,
965 1129 1096 1194 dicens:
1120 1132 1174 1193 Da
1192 1130 1296 1193 liliam
1314 1138 1404 1193 tuam
1418 1128 1489 1191 tilio

440 1252 512 1295 meo
526 1250 672 1309 uxorem,
687 1242 719 1294 et
733 1227 865 1313 reliqua.

483 1334 528 1395 Et
542 1332 712 1395 Psalmista
727 1331 836 1395 omnia
849 1332 936 1413 ligna
950 1332 1100 1395 silvarum
1115 1332 1291 1409 exultasse,
1310 1342 1344 1396 et
1355 1330 1492 1394 flumina

442 1454 596 1497 manuum
609 1434 778 1517 plausibus
798 1434 911 1497 lusisse
926 1454 1124 1518 camposque
1142 1433 1394 1516 gratulabundos
1408 1432 1492 1496 exti-

440 1534 528 1607 tisse,
544 1535 585 1597 ab
601 1534 730 1598 animali
753 1533 795 1597 ad
811 1534 986 1597 inanimale
1000 1533 1217 1619 metaphorice
1231 1535 1349 1613 retulit,
1362 1544 1396 1599 et
1408 1531 1491 1597 illud

442 1636 619 1719 poeticum:
642 1637 748 1699 Mater
762 1656 814 1699 me
824 1636 945 1717 genuit,
956 1634 1070 1699 eadem
1080 1656 1157 1699 mox
1170 1636 1310 1718 gignitur
1317 1657 1361 1699 ex
1376 1656 1443 1698 me:
1458 1644 1492 1699 et

443 1734 560 1819 quode
571 1735 668 1800 mutis
675 1756 713 1800 ac
724 1736 825 1800 brutis
833 1734 1086 1800 ratiocinationis
1095 1744 1282 1817 argumenta
1291 1737 1494 1822 requinmtur

444 1859 518 1903 cum
533 1838 627 1902 etiam
646 1837 900 1921 sapientissimus
915 1847 1104 1901 cunctorum
1119 1848 1202 1901 retro
1216 1858 1340 1920 regum,
1353 1845 1388 1900 et
1401 1836 1493 1899 dein·

444 1939 809 2024 cepenasciturorum‚in
820 1936 1019 2002 Ecclesiaste
1026 1937 1208 2022 frequenter
1216 1938 1493 2002 stolidissimorum

444 2042 589 2128 personis
605 2049 721 2117 utatur,
737 2040 867 2105 dicens:
891 2039 977 2117 Quid
988 2040 1087 2104 habet
1098 2042 1195 2106 homo
1205 2043 1343 2126 amplius
1346 2042 1496 2126 jumento

445 2153 500 2208 aut
514 2140 642 2225 sapiens
657 2138 776 2205 stulto?
800 2150 833 2204 et
855 2151 972 2205 caetera
989 2141 1114 2206 similia.
1159 2142 1245 2206 Herc
1265 2142 1389 2207 idcirco
1410 2141 1495 2205 dixi·

445 2266 517 2309 mus
530 2264 572 2307 ne
589 2243 661 2327 quis
674 2243 754 2306 sorte
767 2263 853 2306 novo
869 2262 931 2304 nos
943 2249 975 2304 et
989 2242 1142 2306 inusitato
1153 2242 1285 2307 dicendi
1296 2251 1497 2323 argumento,

446 2360 479 2415 et
501 2348 593 2433 quasi
614 2347 714 2412 nullis
734 2348 874 2432 priorum
893 2345 1035 2427 vestigiis
1057 2347 1131 2411 trito
1151 2346 1306 2428 praedicta
1327 2345 1497 2427 enigmata

447 2450 603 2517 cecinisse
619 2450 794 2514 arbitretur.
840 2448 896 2525 Et,
911 2458 948 2511 ut
965 2445 1145 2511 evidentius
1163 2449 1276 2512 hanam
1297 2466 1402 2511 rerum
1414 2446 1497 2509 ratio

448 2554 646 2625 claresceret,
668 2548 829 2633 legitimos
852 2547 972 2631 septies
993 2558 1166 2632 quaternos
1191 2562 1363 2613 metrorum
1386 2546 1497 2632 pedes,

448 2654 566 2740 quibus
581 2651 727 2716 universa
740 2671 807 2714 non
823 2649 927 2713 solum
940 2649 1131 2734 principalia
1145 2660 1219 2715 octo
1237 2671 1354 2734 genera
1367 2670 1497 2734 progre-

448 2753 587 2830 diuntur,
596 2773 706 2816 verum
718 2751 812 2814 etiam
825 2749 960 2833 species,
971 2769 1044 2832 quae
1053 2770 1096 2813 ex
1107 2750 1218 2814 eadem
1228 2753 1327 2835 stirpe
1337 2753 1496 2836 pullulan-

320 2928 324 2936 ,
448 2866 498 2921 tes
512 2853 673 2936 centuplis
684 2861 857 2916 metrorum
868 2849 1034 2913 frondibus
1050 2861 1275 2931 contexuntur,
1284 2852 1497 2931 subdidimus,

448 2967 480 3019 et
494 2954 628 3036 singulis
644 2954 824 3037 quibusque
840 2948 978 3034 pedibus
992 2961 1114 3015 tantam
1133 2955 1355 3038 exemplorum
1370 2957 1497 3040 copiam

449 3054 689 3120 accumulantes
703 3074 747 3115 ex
760 3051 896 3115 diversis
910 3053 1091 3116 orationum
1110 3055 1254 3137 partibus
1269 3058 1498 3140 congessimus,

450 3163 604 3240 quautam
620 3151 663 3216 ad
682 3153 850 3237 presentis
873 3154 1022 3236 opusculi
1042 3175 1198 3234 normam,
1213 3176 1272 3239 pro
1292 3158 1499 3224 evidentioris

448 3254 562 3320 indicii
578 3253 690 3337 gratia,
704 3255 850 3318 sufficere
871 3253 1074 3320 credidimus.
1118 3257 1164 3319 Et
1178 3256 1268 3339 qnod
1288 3280 1499 3343 precessores

450 3357 649 3422 celeberrimi
677 3355 827 3420 uniformi
856 3355 998 3419 nominis
1026 3358 1177 3441 exemplo
1210 3361 1396 3444 propalasse
1423 3383 1502 3429 nos·

452 3468 577 3536 cuntur,
586 3479 646 3522 nos
657 3455 830 3521 eorundem
841 3456 974 3538 vestigia
984 3457 1112 3521 enixius
1120 3458 1310 3541 indagantes
1320 3464 1500 3529 uberiorem

451 3561 672 3644 exemplorum
687 3558 853 3622 formulam
865 3558 1111 3623 enucleavimus.
1157 3562 1271 3645 Neque
1285 3564 1371 3627 euim
1384 3565 1419 3628 in
1433 3576 1500 3630 tam

452 3661 552 3726 densa
581 3660 678 3724 totius
708 3658 890 3722 Latinitatis
925 3658 1006 3723 silva
1032 3669 1066 3724 et
1099 3663 1277 3727 nemorosis
1306 3665 1501 3749 syllabamm

452 3762 597 3838 saltibus,
621 3759 680 3824 ubi
709 3757 749 3822 de
772 3759 906 3841 singulis
929 3761 1095 3824 verborum
1116 3762 1281 3828 radicibus
1303 3768 1501 3852 multiplices

452 3863 633 3944 regularum
655 3861 852 3925 ramusculos
874 3861 1049 3944 pullulasse
1064 3863 1198 3947 antiqua
1217 3875 1359 3930 veterum
1373 3868 1501 3934 traditio

454 3961 605 4040 declarat,
625 3959 759 4024 rudibus
784 3960 876 4024 facile
902 3962 1067 4043 negotium
1093 3963 1342 4048 deprehenditur
1362 3977 1397 4032 et
1419 3991 1502 4054 pre·

453 4063 558 4128 sertim
580 4063 721 4126 metricae
742 4060 820 4125 artis
841 4059 1016 4145 disciplina
1037 4065 1229 4145 carentibus,
1242 4074 1276 4132 et
1296 4070 1434 4153 qualiter
1449 4073 1501 4136 rel

453 4186 519 4251 quo
542 4175 638 4248 pacto
659 4165 765 4247 longae
788 4172 821 4226 et
841 4164 956 4228 breves
977 4165 1109 4248 syllabae
1124 4167 1294 4233 valeriam
1315 4191 1502 4238 communes

455 4266 624 4349 utrobique
656 4274 887 4351 competentes,
914 4287 997 4350 quas
1031 4267 1138 4332 Greci
1172 4268 1346 4335 dichronas
1380 4272 1502 4352 dicunt,

453 4365 611 4449 sagaciter
625 4367 891 4431 discriminentur.
935 4367 991 4432 Ex
1005 4369 1067 4432 hac
1081 4370 1166 4432 enim
1178 4371 1297 4454 triplici
1308 4375 1500 4457 syllabarum

454 4465 640 4532 definitione
666 4469 785 4551 potius,
799 4489 895 4551 quam
914 4467 955 4531 de
974 4469 1061 4534 sonte
1076 4480 1132 4535 aut
1146 4483 1253 4537 monte
1268 4475 1446 4554 Musamm,
1461 4476 1502 4541 de

455 4569 573 4654 quibus
587 4567 716 4632 Persius
732 4569 887 4645 Flaccns;
