<?xml version="1.0" encoding="UTF-8"?>
<!DOCTYPE html PUBLIC "-//W3C//DTD XHTML 1.0 Transitional//EN"
    "http://www.w3.org/TR/xhtml1/DTD/xhtml1-transitional.dtd">
<html xmlns="http://www.w3.org/1999/xhtml" xml:lang="en" lang="en">
 <head>
  <title>
</title>
<meta http-equiv="Content-Type" content="text/html;charset=utf-8" />
  <meta name='ocr-system' content='tesseract 3.04.00' />
  <meta name='ocr-capabilities' content='ocr_page ocr_carea ocr_par ocr_line ocrx_word'/>
</head>
<body>
  <div class='ocr_page' id='page_1' title='image "./operaquextantom00aldhgoog_0309.png"; bbox 0 0 3759 5425; ppageno 0'>
   <div class='ocr_carea' id='block_1_1' title="bbox 670 672 1444 747">
    <p class='ocr_par' dir='ltr' id='par_1_1' title="bbox 670 672 1444 747">
     <span class='ocr_line' id='line_1_1' title="bbox 670 672 1444 747; baseline -0.001 -15"><span class='ocrx_word' id='word_1_1' title='bbox 670 685 1076 747; x_wconf 80' lang='lat' dir='ltr'><strong>arrsromsnscracrorr,</strong></span> <span class='ocrx_word' id='word_1_2' title='bbox 1092 686 1164 734; x_wconf 83' lang='lat' dir='ltr'><strong>arc.</strong></span> <span class='ocrx_word' id='word_1_3' title='bbox 1383 672 1444 733; x_wconf 76' lang='lat'><strong>281</strong></span> 
     </span>
    </p>
   </div>
   <div class='ocr_carea' id='block_1_2' title="bbox 392 835 1447 1409">
    <p class='ocr_par' dir='ltr' id='par_1_2' title="bbox 744 835 1133 909">
     <span class='ocr_line' id='line_1_2' title="bbox 744 835 1133 909; baseline 0.003 -21"><span class='ocrx_word' id='word_1_4' title='bbox 744 836 846 903; x_wconf 85' lang='lat' dir='ltr'><strong>gemuit</strong></span> <span class='ocrx_word' id='word_1_5' title='bbox 856 835 905 889; x_wconf 89' lang='lat' dir='ltr'><strong>sub</strong></span> <span class='ocrx_word' id='word_1_6' title='bbox 915 836 1031 909; x_wconf 82' lang='lat' dir='ltr'><strong>pondere</strong></span> <span class='ocrx_word' id='word_1_7' title='bbox 1040 836 1133 905; x_wconf 78' lang='lat' dir='ltr'><strong>cymba</strong></span> 
     </span>
    </p>

    <p class='ocr_par' dir='ltr' id='par_1_3' title="bbox 392 919 1447 1409">
     <span class='ocr_line' id='line_1_3' title="bbox 536 919 1154 994; baseline 0.005 -22"><span class='ocrx_word' id='word_1_8' title='bbox 536 919 635 985; x_wconf 85' lang='lat' dir='ltr'><strong>Sutilis,</strong></span> <span class='ocrx_word' id='word_1_9' title='bbox 648 926 676 974; x_wconf 84' lang='lat' dir='ltr'><strong>et</strong></span> <span class='ocrx_word' id='word_1_10' title='bbox 686 921 796 975; x_wconf 86' lang='lat' dir='ltr'><strong>multam</strong></span> <span class='ocrx_word' id='word_1_11' title='bbox 807 922 906 994; x_wconf 83' lang='lat' dir='ltr'><strong>accepit</strong></span> <span class='ocrx_word' id='word_1_12' title='bbox 917 922 1013 975; x_wconf 86' lang='lat' dir='ltr'><strong>rimosa</strong></span> <span class='ocrx_word' id='word_1_13' title='bbox 1023 921 1154 994; x_wconf 83' lang='lat' dir='ltr'><strong>paludem.</strong></span> 
     </span>
     <span class='ocr_line' id='line_1_4' title="bbox 394 1015 1446 1103; baseline 0.004 -24"><span class='ocrx_word' id='word_1_14' title='bbox 394 1015 455 1079; x_wconf 83' lang='lat' dir='ltr'><strong>Ast</strong></span> <span class='ocrx_word' id='word_1_15' title='bbox 473 1036 559 1095; x_wconf 80' lang='lat' dir='ltr'><strong>vero,</strong></span> <span class='ocrx_word' id='word_1_16' title='bbox 574 1018 601 1080; x_wconf 89' lang='lat' dir='ltr'><strong>si</strong></span> <span class='ocrx_word' id='word_1_17' title='bbox 623 1015 767 1081; x_wconf 88' lang='lat' dir='ltr'><strong>secunda</strong></span> <span class='ocrx_word' id='word_1_18' title='bbox 788 1016 1006 1083; x_wconf 76' lang='lat' dir='ltr'><strong>declinatione</strong></span> <span class='ocrx_word' id='word_1_19' title='bbox 1027 1018 1191 1103; x_wconf 78' lang='lat' dir='ltr'><strong>genitivus</strong></span> <span class='ocrx_word' id='word_1_20' title='bbox 1211 1017 1246 1080; x_wconf 90' lang='lat' dir='ltr'><strong>in</strong></span> <span class='ocrx_word' id='word_1_21' title='bbox 1266 1018 1279 1081; x_wconf 95' lang='lat' dir='ltr'><strong>i</strong></span> <span class='ocrx_word' id='word_1_22' title='bbox 1298 1018 1446 1083; x_wconf 84' lang='lat' dir='ltr'><strong>termina·</strong></span> 
     </span>
     <span class='ocr_line' id='line_1_5' title="bbox 392 1118 1446 1203; baseline 0.002 -22"><span class='ocrx_word' id='word_1_23' title='bbox 392 1118 490 1197; x_wconf 90' lang='lat' dir='ltr'><strong>bitur,</strong></span> <span class='ocrx_word' id='word_1_24' title='bbox 514 1118 687 1182; x_wconf 74' lang='lat' dir='ltr'><strong>trochaicis</strong></span> <span class='ocrx_word' id='word_1_25' title='bbox 709 1118 836 1200; x_wconf 87' lang='lat' dir='ltr'><strong>legibus</strong></span> <span class='ocrx_word' id='word_1_26' title='bbox 860 1118 919 1183; x_wconf 91' lang='lat' dir='ltr'><strong>rite</strong></span> <span class='ocrx_word' id='word_1_27' title='bbox 945 1120 1192 1203; x_wconf 77' lang='lat' dir='ltr'><strong>mancipabitur,</strong></span> <span class='ocrx_word' id='word_1_28' title='bbox 1214 1130 1251 1183; x_wconf 94' lang='lat' dir='ltr'><strong>ut</strong></span> <span class='ocrx_word' id='word_1_29' title='bbox 1272 1120 1328 1184; x_wconf 92' lang='lat' dir='ltr'><strong>ille</strong></span> <span class='ocrx_word' id='word_1_30' title='bbox 1350 1120 1446 1185; x_wconf 83' lang='lat' dir='ltr'><strong>versi·</strong></span> 
     </span>
     <span class='ocr_line' id='line_1_6' title="bbox 393 1220 1447 1307; baseline 0.002 -21"><span class='ocrx_word' id='word_1_31' title='bbox 393 1222 475 1286; x_wconf 85' lang='lat' dir='ltr'><strong>ficus</strong></span> <span class='ocrx_word' id='word_1_32' title='bbox 505 1222 642 1306; x_wconf 89' lang='lat' dir='ltr'><strong>septimo</strong></span> <span class='ocrx_word' id='word_1_33' title='bbox 672 1220 789 1287; x_wconf 83' lang='lat' dir='ltr'><strong>diviuae</strong></span> <span class='ocrx_word' id='word_1_34' title='bbox 816 1223 898 1304; x_wconf 84' lang='lat' dir='ltr'><strong>legis</strong></span> <span class='ocrx_word' id='word_1_35' title='bbox 925 1224 1009 1286; x_wconf 93' lang='lat' dir='ltr'><strong>libro</strong></span> <span class='ocrx_word' id='word_1_36' title='bbox 1035 1222 1076 1286; x_wconf 91' lang='lat' dir='ltr'><strong>de</strong></span> <span class='ocrx_word' id='word_1_37' title='bbox 1101 1223 1218 1307; x_wconf 80' lang='lat' dir='ltr'><strong>pellice</strong></span> <span class='ocrx_word' id='word_1_38' title='bbox 1243 1224 1447 1289; x_wconf 85' lang='lat' dir='ltr'><strong>fraudulenta</strong></span> 
     </span>
     <span class='ocr_line' id='line_1_7' title="bbox 394 1324 1445 1409; baseline 0 -20"><span class='ocrx_word' id='word_1_39' title='bbox 394 1324 569 1403; x_wconf 87' lang='lat' dir='ltr'><strong>Samsonis,</strong></span> <span class='ocrx_word' id='word_1_40' title='bbox 592 1346 665 1409; x_wconf 86' lang='lat' dir='ltr'><strong>quae</strong></span> <span class='ocrx_word' id='word_1_41' title='bbox 687 1325 826 1389; x_wconf 90' lang='lat' dir='ltr'><strong>subdola</strong></span> <span class='ocrx_word' id='word_1_42' title='bbox 846 1326 1018 1409; x_wconf 88' lang='lat' dir='ltr'><strong>pellicatus</strong></span> <span class='ocrx_word' id='word_1_43' title='bbox 1040 1324 1247 1409; x_wconf 78' lang='lat' dir='ltr'><strong>persuasione</strong></span> <span class='ocrx_word' id='word_1_44' title='bbox 1272 1347 1445 1409; x_wconf 71' lang='lat' dir='ltr'><strong>synagoga</strong></span> 
     </span>
    </p>
   </div>
   <div class='ocr_carea' id='block_1_3' title="bbox 393 1425 1371 1602">
    <p class='ocr_par' dir='ltr' id='par_1_4' title="bbox 393 1425 1371 1602">
     <span class='ocr_line' id='line_1_8' title="bbox 393 1425 1371 1509; baseline 0.001 -20"><span class='ocrx_word' id='word_1_45' title='bbox 393 1434 506 1509; x_wconf 82' lang='lat' dir='ltr'><strong>typum</strong></span> <span class='ocrx_word' id='word_1_46' title='bbox 520 1425 671 1509; x_wconf 86' lang='lat' dir='ltr'><strong>praetulit,</strong></span> <span class='ocrx_word' id='word_1_47' title='bbox 685 1425 848 1508; x_wconf 78' lang='lat' dir='ltr'><strong>eleganter</strong></span> <span class='ocrx_word' id='word_1_48' title='bbox 863 1426 1022 1489; x_wconf 87' lang='lat' dir='ltr'><strong>cecinisse</strong></span> <span class='ocrx_word' id='word_1_49' title='bbox 1037 1433 1228 1489; x_wconf 90' lang='lat' dir='ltr'><strong>memoratur</strong></span> <span class='ocrx_word' id='word_1_50' title='bbox 1242 1425 1371 1490; x_wconf 86' lang='lat' dir='ltr'><strong>dicens:</strong></span> 
     </span>
     <span class='ocr_line' id='line_1_9' title="bbox 532 1529 1136 1602; baseline 0 -19"><span class='ocrx_word' id='word_1_51' title='bbox 532 1530 664 1602; x_wconf 80' lang='lat' dir='ltr'><strong>Suspenso</strong></span> <span class='ocrx_word' id='word_1_52' title='bbox 674 1532 755 1584; x_wconf 78' lang='lat' dir='ltr'><strong>nectit</strong></span> <span class='ocrx_word' id='word_1_53' title='bbox 766 1531 860 1585; x_wconf 87' lang='lat' dir='ltr'><strong>dextra</strong></span> <span class='ocrx_word' id='word_1_54' title='bbox 870 1530 988 1602; x_wconf 88' lang='lat' dir='ltr'><strong>palisque</strong></span> <span class='ocrx_word' id='word_1_55' title='bbox 998 1529 1136 1583; x_wconf 84' lang='lat' dir='ltr'><strong>reflectens</strong></span> 
     </span>
    </p>
   </div>
   <div class='ocr_carea' id='block_1_4' title="bbox 391 1618 1446 2706">
    <p class='ocr_par' dir='ltr' id='par_1_5' title="bbox 396 1618 1245 1791">
     <span class='ocr_line' id='line_1_10' title="bbox 396 1618 523 1683; baseline -0.016 0"><span class='ocrx_word' id='word_1_56' title='bbox 396 1618 523 1683; x_wconf 81' lang='lat' dir='ltr'><strong>etinsra</strong></span> 
     </span>
     <span class='ocr_line' id='line_1_11' title="bbox 533 1716 1245 1791; baseline 0.004 -21"><span class='ocrx_word' id='word_1_57' title='bbox 533 1716 654 1771; x_wconf 86' lang='lat' dir='ltr'><strong>Exiliens</strong></span> <span class='ocrx_word' id='word_1_58' title='bbox 665 1718 775 1789; x_wconf 85' lang='lat' dir='ltr'><strong>(inquit)</strong></span> <span class='ocrx_word' id='word_1_59' title='bbox 786 1720 871 1791; x_wconf 84' lang='lat' dir='ltr'><strong>rejicit</strong></span> <span class='ocrx_word' id='word_1_60' title='bbox 882 1718 956 1791; x_wconf 86' lang='lat' dir='ltr'><strong>palos</strong></span> <span class='ocrx_word' id='word_1_61' title='bbox 967 1719 1117 1789; x_wconf 83' lang='lat' dir='ltr'><strong>crinemque</strong></span> <span class='ocrx_word' id='word_1_62' title='bbox 1128 1719 1245 1773; x_wconf 77' lang='lat' dir='ltr'><strong>renodat</strong></span> 
     </span>
    </p>

    <p class='ocr_par' dir='ltr' id='par_1_6' title="bbox 391 1814 1446 2706">
     <span class='ocr_line' id='line_1_12' title="bbox 393 1814 1443 1901; baseline 0 -22"><span class='ocrx_word' id='word_1_63' title='bbox 393 1816 552 1888; x_wconf 85' lang='lat' dir='ltr'><strong>Quaedam</strong></span> <span class='ocrx_word' id='word_1_64' title='bbox 577 1815 675 1878; x_wconf 90' lang='lat' dir='ltr'><strong>etiam</strong></span> <span class='ocrx_word' id='word_1_65' title='bbox 697 1817 795 1881; x_wconf 83' lang='lat' dir='ltr'><strong>verba</strong></span> <span class='ocrx_word' id='word_1_66' title='bbox 817 1828 883 1881; x_wconf 89' lang='lat' dir='ltr'><strong>tam</strong></span> <span class='ocrx_word' id='word_1_67' title='bbox 904 1816 1017 1900; x_wconf 88' lang='lat' dir='ltr'><strong>primae</strong></span> <span class='ocrx_word' id='word_1_68' title='bbox 1040 1836 1137 1898; x_wconf 88' lang='lat' dir='ltr'><strong>quam</strong></span> <span class='ocrx_word' id='word_1_69' title='bbox 1159 1815 1309 1879; x_wconf 77' lang='lat' dir='ltr'><strong>secundm</strong></span> <span class='ocrx_word' id='word_1_70' title='bbox 1330 1814 1443 1901; x_wconf 86' lang='lat' dir='ltr'><strong>conju·</strong></span> 
     </span>
     <span class='ocr_line' id='line_1_13' title="bbox 392 1917 1445 2001; baseline -0.001 -19"><span class='ocrx_word' id='word_1_71' title='bbox 392 1918 530 2001; x_wconf 88' lang='lat' dir='ltr'><strong>gationis</strong></span> <span class='ocrx_word' id='word_1_72' title='bbox 556 1918 664 1981; x_wconf 89' lang='lat' dir='ltr'><strong>iambo</strong></span> <span class='ocrx_word' id='word_1_73' title='bbox 690 1917 888 1981; x_wconf 85' lang='lat' dir='ltr'><strong>conveniunt</strong></span> <span class='ocrx_word' id='word_1_74' title='bbox 915 1918 950 1981; x_wconf 91' lang='lat' dir='ltr'><strong>in</strong></span> <span class='ocrx_word' id='word_1_75' title='bbox 980 1918 1124 1982; x_wconf 87' lang='lat' dir='ltr'><strong>secunda</strong></span> <span class='ocrx_word' id='word_1_76' title='bbox 1148 1938 1287 2001; x_wconf 88' lang='lat' dir='ltr'><strong>persona</strong></span> <span class='ocrx_word' id='word_1_77' title='bbox 1311 1939 1445 1983; x_wconf 91' lang='lat' dir='ltr'><strong>numero</strong></span> 
     </span>
     <span class='ocr_line' id='line_1_14' title="bbox 392 2016 1445 2103; baseline 0.002 -20"><span class='ocrx_word' id='word_1_78' title='bbox 392 2018 554 2101; x_wconf 82' lang='lat' dir='ltr'><strong>singulari,</strong></span> <span class='ocrx_word' id='word_1_79' title='bbox 579 2016 754 2082; x_wconf 83' lang='lat' dir='ltr'><strong>indicativo</strong></span> <span class='ocrx_word' id='word_1_80' title='bbox 780 2031 813 2082; x_wconf 91' lang='lat' dir='ltr'><strong>et</strong></span> <span class='ocrx_word' id='word_1_81' title='bbox 837 2018 1028 2103; x_wconf 84' lang='lat' dir='ltr'><strong>imperativo</strong></span> <span class='ocrx_word' id='word_1_82' title='bbox 1053 2017 1162 2098; x_wconf 90' lang='lat' dir='ltr'><strong>modo,</strong></span> <span class='ocrx_word' id='word_1_83' title='bbox 1187 2028 1225 2084; x_wconf 90' lang='lat' dir='ltr'><strong>ut</strong></span> <span class='ocrx_word' id='word_1_84' title='bbox 1249 2041 1338 2085; x_wconf 87' lang='lat' dir='ltr'><strong>amas</strong></span> <span class='ocrx_word' id='word_1_85' title='bbox 1362 2041 1445 2100; x_wconf 89' lang='lat' dir='ltr'><strong>ama,</strong></span> 
     </span>
     <span class='ocr_line' id='line_1_15' title="bbox 391 2127 1446 2206; baseline 0.002 -21"><span class='ocrx_word' id='word_1_86' title='bbox 391 2132 488 2206; x_wconf 85' lang='lat' dir='ltr'><strong>putas</strong></span> <span class='ocrx_word' id='word_1_87' title='bbox 510 2127 600 2203; x_wconf 86' lang='lat' dir='ltr'><strong>puta,</strong></span> <span class='ocrx_word' id='word_1_88' title='bbox 613 2140 707 2204; x_wconf 84' lang='lat' dir='ltr'><strong>paras</strong></span> <span class='ocrx_word' id='word_1_89' title='bbox 729 2141 818 2203; x_wconf 90' lang='lat' dir='ltr'><strong>para,</strong></span> <span class='ocrx_word' id='word_1_90' title='bbox 837 2142 907 2185; x_wconf 89' lang='lat' dir='ltr'><strong>aras</strong></span> <span class='ocrx_word' id='word_1_91' title='bbox 929 2142 993 2200; x_wconf 91' lang='lat' dir='ltr'><strong>ara,</strong></span> <span class='ocrx_word' id='word_1_92' title='bbox 1016 2141 1108 2185; x_wconf 83' lang='lat' dir='ltr'><strong>secas</strong></span> <span class='ocrx_word' id='word_1_93' title='bbox 1129 2142 1213 2198; x_wconf 89' lang='lat' dir='ltr'><strong>seca,</strong></span> <span class='ocrx_word' id='word_1_94' title='bbox 1235 2143 1332 2187; x_wconf 87' lang='lat' dir='ltr'><strong>necas</strong></span> <span class='ocrx_word' id='word_1_95' title='bbox 1352 2144 1446 2201; x_wconf 87' lang='lat' dir='ltr'><strong>neca,</strong></span> 
     </span>
     <span class='ocr_line' id='line_1_16' title="bbox 392 2220 1444 2309; baseline 0.003 -26"><span class='ocrx_word' id='word_1_96' title='bbox 392 2242 490 2286; x_wconf 86' lang='lat' dir='ltr'><strong>vocas</strong></span> <span class='ocrx_word' id='word_1_97' title='bbox 515 2242 606 2298; x_wconf 87' lang='lat' dir='ltr'><strong>voca,</strong></span> <span class='ocrx_word' id='word_1_98' title='bbox 632 2222 722 2284; x_wconf 89' lang='lat' dir='ltr'><strong>locas</strong></span> <span class='ocrx_word' id='word_1_99' title='bbox 746 2221 828 2285; x_wconf 89' lang='lat' dir='ltr'><strong>loca.</strong></span> <span class='ocrx_word' id='word_1_100' title='bbox 872 2223 956 2286; x_wconf 91' lang='lat' dir='ltr'><strong>Item</strong></span> <span class='ocrx_word' id='word_1_101' title='bbox 982 2220 1022 2285; x_wconf 93' lang='lat' dir='ltr'><strong>de</strong></span> <span class='ocrx_word' id='word_1_102' title='bbox 1049 2222 1192 2285; x_wconf 86' lang='lat' dir='ltr'><strong>secunda</strong></span> <span class='ocrx_word' id='word_1_103' title='bbox 1217 2223 1444 2309; x_wconf 87' lang='lat' dir='ltr'><strong>conjugatione</strong></span> 
     </span>
     <span class='ocr_line' id='line_1_17' title="bbox 392 2321 1445 2407; baseline 0 -20"><span class='ocrx_word' id='word_1_104' title='bbox 392 2321 580 2387; x_wconf 76' lang='lat' dir='ltr'><strong>tantundem</strong></span> <span class='ocrx_word' id='word_1_105' title='bbox 599 2322 807 2405; x_wconf 90' lang='lat' dir='ltr'><strong>reperiuntur,</strong></span> <span class='ocrx_word' id='word_1_106' title='bbox 824 2336 859 2387; x_wconf 90' lang='lat' dir='ltr'><strong>ut</strong></span> <span class='ocrx_word' id='word_1_107' title='bbox 880 2323 979 2388; x_wconf 91' lang='lat' dir='ltr'><strong>doces</strong></span> <span class='ocrx_word' id='word_1_108' title='bbox 999 2322 1092 2401; x_wconf 86' lang='lat' dir='ltr'><strong>doce,</strong></span> <span class='ocrx_word' id='word_1_109' title='bbox 1111 2344 1220 2386; x_wconf 86' lang='lat' dir='ltr'><strong>mores</strong></span> <span class='ocrx_word' id='word_1_110' title='bbox 1240 2345 1342 2401; x_wconf 82' lang='lat' dir='ltr'><strong>move,</strong></span> <span class='ocrx_word' id='word_1_111' title='bbox 1356 2325 1445 2407; x_wconf 85' lang='lat' dir='ltr'><strong>viges</strong></span> 
     </span>
     <span class='ocr_line' id='line_1_18' title="bbox 391 2424 1444 2509; baseline 0.005 -24"><span class='ocrx_word' id='word_1_112' title='bbox 391 2425 476 2507; x_wconf 85' lang='lat' dir='ltr'><strong>vige,</strong></span> <span class='ocrx_word' id='word_1_113' title='bbox 490 2424 574 2507; x_wconf 87' lang='lat' dir='ltr'><strong>riges</strong></span> <span class='ocrx_word' id='word_1_114' title='bbox 588 2425 665 2507; x_wconf 87' lang='lat' dir='ltr'><strong>rige,</strong></span> <span class='ocrx_word' id='word_1_115' title='bbox 680 2436 773 2509; x_wconf 88' lang='lat' dir='ltr'><strong>pates</strong></span> <span class='ocrx_word' id='word_1_116' title='bbox 787 2437 872 2508; x_wconf 85' lang='lat' dir='ltr'><strong>pate,</strong></span> <span class='ocrx_word' id='word_1_117' title='bbox 886 2424 973 2490; x_wconf 91' lang='lat' dir='ltr'><strong>unde</strong></span> <span class='ocrx_word' id='word_1_118' title='bbox 990 2424 1173 2488; x_wconf 86' lang='lat' dir='ltr'><strong>inchoativa</strong></span> <span class='ocrx_word' id='word_1_119' title='bbox 1187 2424 1288 2487; x_wconf 89' lang='lat' dir='ltr'><strong>sorma</strong></span> <span class='ocrx_word' id='word_1_120' title='bbox 1301 2437 1444 2507; x_wconf 82' lang='lat' dir='ltr'><strong>patesce,</strong></span> 
     </span>
     <span class='ocr_line' id='line_1_19' title="bbox 391 2524 1446 2604; baseline -0.001 -14"><span class='ocrx_word' id='word_1_121' title='bbox 391 2537 482 2590; x_wconf 88' lang='lat' dir='ltr'><strong>tenes</strong></span> <span class='ocrx_word' id='word_1_122' title='bbox 496 2534 581 2603; x_wconf 84' lang='lat' dir='ltr'><strong>tenc,</strong></span> <span class='ocrx_word' id='word_1_123' title='bbox 595 2526 688 2590; x_wconf 88' lang='lat' dir='ltr'><strong>times</strong></span> <span class='ocrx_word' id='word_1_124' title='bbox 704 2526 790 2601; x_wconf 87' lang='lat' dir='ltr'><strong>time,</strong></span> <span class='ocrx_word' id='word_1_125' title='bbox 803 2547 892 2589; x_wconf 90' lang='lat' dir='ltr'><strong>cares</strong></span> <span class='ocrx_word' id='word_1_126' title='bbox 907 2546 991 2603; x_wconf 89' lang='lat' dir='ltr'><strong>carc,</strong></span> <span class='ocrx_word' id='word_1_127' title='bbox 1003 2546 1099 2589; x_wconf 87' lang='lat' dir='ltr'><strong>caves</strong></span> <span class='ocrx_word' id='word_1_128' title='bbox 1114 2545 1202 2602; x_wconf 87' lang='lat' dir='ltr'><strong>cave,</strong></span> <span class='ocrx_word' id='word_1_129' title='bbox 1215 2524 1325 2587; x_wconf 87' lang='lat' dir='ltr'><strong>studes</strong></span> <span class='ocrx_word' id='word_1_130' title='bbox 1339 2524 1446 2604; x_wconf 88' lang='lat' dir='ltr'><strong>stude,</strong></span> 
     </span>
     <span class='ocr_line' id='line_1_20' title="bbox 391 2623 1444 2706; baseline -0.002 -16"><span class='ocrx_word' id='word_1_131' title='bbox 391 2648 502 2691; x_wconf 89' lang='lat' dir='ltr'><strong>manes</strong></span> <span class='ocrx_word' id='word_1_132' title='bbox 522 2646 626 2702; x_wconf 89' lang='lat' dir='ltr'><strong>mane,</strong></span> <span class='ocrx_word' id='word_1_133' title='bbox 639 2627 720 2688; x_wconf 80' lang='lat' dir='ltr'><strong>lates</strong></span> <span class='ocrx_word' id='word_1_134' title='bbox 741 2625 814 2687; x_wconf 88' lang='lat' dir='ltr'><strong>late.</strong></span> <span class='ocrx_word' id='word_1_135' title='bbox 859 2623 926 2688; x_wconf 85' lang='lat' dir='ltr'><strong>Sed</strong></span> <span class='ocrx_word' id='word_1_136' title='bbox 949 2635 1084 2705; x_wconf 91' lang='lat' dir='ltr'><strong>accepta</strong></span> <span class='ocrx_word' id='word_1_137' title='bbox 1106 2623 1262 2706; x_wconf 84' lang='lat' dir='ltr'><strong>loquelari</strong></span> <span class='ocrx_word' id='word_1_138' title='bbox 1284 2624 1444 2706; x_wconf 86' lang='lat' dir='ltr'><strong>positione</strong></span> 
     </span>
    </p>
   </div>
   <div class='ocr_carea' id='block_1_5' title="bbox 391 2725 1447 3016">
    <p class='ocr_par' dir='ltr' id='par_1_7' title="bbox 391 2725 1447 3016">
     <span class='ocr_line' id='line_1_21' title="bbox 391 2725 1447 2812; baseline -0.003 -18"><span class='ocrx_word' id='word_1_139' title='bbox 391 2751 411 2794; x_wconf 88' lang='lat' dir='ltr'><strong>a</strong></span> <span class='ocrx_word' id='word_1_140' title='bbox 440 2728 661 2812; x_wconf 88' lang='lat' dir='ltr'><strong>corrumpitur,</strong></span> <span class='ocrx_word' id='word_1_141' title='bbox 690 2737 727 2789; x_wconf 91' lang='lat' dir='ltr'><strong>ut</strong></span> <span class='ocrx_word' id='word_1_142' title='bbox 755 2727 840 2790; x_wconf 87' lang='lat' dir='ltr'><strong>lateo</strong></span> <span class='ocrx_word' id='word_1_143' title='bbox 869 2727 952 2790; x_wconf 87' lang='lat' dir='ltr'><strong>lates</strong></span> <span class='ocrx_word' id='word_1_144' title='bbox 980 2727 1068 2803; x_wconf 89' lang='lat' dir='ltr'><strong>latet,</strong></span> <span class='ocrx_word' id='word_1_145' title='bbox 1098 2725 1252 2789; x_wconf 84' lang='lat' dir='ltr'><strong>delitesco</strong></span> <span class='ocrx_word' id='word_1_146' title='bbox 1282 2725 1447 2791; x_wconf 83' lang='lat' dir='ltr'><strong>delitescis</strong></span> 
     </span>
     <span class='ocr_line' id='line_1_22' title="bbox 391 2828 1443 2915; baseline -0.004 -19"><span class='ocrx_word' id='word_1_147' title='bbox 391 2832 558 2909; x_wconf 80' lang='lat' dir='ltr'><strong>delitescit,</strong></span> <span class='ocrx_word' id='word_1_148' title='bbox 581 2840 614 2895; x_wconf 89' lang='lat' dir='ltr'><strong>et</strong></span> <span class='ocrx_word' id='word_1_149' title='bbox 633 2830 793 2915; x_wconf 86' lang='lat' dir='ltr'><strong>praeterito</strong></span> <span class='ocrx_word' id='word_1_150' title='bbox 815 2831 960 2915; x_wconf 83' lang='lat' dir='ltr'><strong>perfecto</strong></span> <span class='ocrx_word' id='word_1_151' title='bbox 982 2829 1110 2895; x_wconf 88' lang='lat' dir='ltr'><strong>delituit</strong></span> <span class='ocrx_word' id='word_1_152' title='bbox 1124 2850 1191 2892; x_wconf 92' lang='lat' dir='ltr'><strong>non</strong></span> <span class='ocrx_word' id='word_1_153' title='bbox 1207 2828 1341 2894; x_wconf 88' lang='lat' dir='ltr'><strong>delatuit</strong></span> <span class='ocrx_word' id='word_1_154' title='bbox 1362 2830 1443 2895; x_wconf 88' lang='lat' dir='ltr'><strong>dici-</strong></span> 
     </span>
     <span class='ocr_line' id='line_1_23' title="bbox 391 2943 674 3016; baseline 0 -21"><span class='ocrx_word' id='word_1_155' title='bbox 391 2953 484 2996; x_wconf 88' lang='lat' dir='ltr'><strong>mus:</strong></span> <span class='ocrx_word' id='word_1_156' title='bbox 509 2943 546 2996; x_wconf 90' lang='lat' dir='ltr'><strong>ut</strong></span> <span class='ocrx_word' id='word_1_157' title='bbox 559 2943 674 3016; x_wconf 87' lang='lat' dir='ltr'><strong>poeta:</strong></span> 
     </span>
    </p>
   </div>
   <div class='ocr_carea' id='block_1_6' title="bbox 389 3030 1445 3878">
    <p class='ocr_par' dir='ltr' id='par_1_8' title="bbox 533 3030 1062 3153">
     <span class='ocr_line' id='line_1_24' title="bbox 811 3030 1062 3086; baseline 0.012 -3"><span class='ocrx_word' id='word_1_158' title='bbox 811 3030 849 3084; x_wconf 88' lang='lat' dir='ltr'><strong>sol</strong></span> <span class='ocrx_word' id='word_1_159' title='bbox 861 3031 930 3085; x_wconf 85' lang='lat' dir='ltr'><strong>nube</strong></span> <span class='ocrx_word' id='word_1_160' title='bbox 942 3049 1062 3086; x_wconf 86' lang='lat' dir='ltr'><strong>coruscus</strong></span> 
     </span>
     <span class='ocr_line' id='line_1_25' title="bbox 533 3099 655 3153; baseline 0 -2"><span class='ocrx_word' id='word_1_161' title='bbox 533 3099 655 3153; x_wconf 88' lang='lat' dir='ltr'><strong>Delituit.</strong></span> 
     </span>
    </p>

    <p class='ocr_par' dir='ltr' id='par_1_9' title="bbox 389 3189 1445 3878">
     <span class='ocr_line' id='line_1_26' title="bbox 435 3189 1444 3275; baseline 0.002 -22"><span class='ocrx_word' id='word_1_162' title='bbox 435 3191 464 3253; x_wconf 81' lang='lat' dir='ltr'>A</span> <span class='ocrx_word' id='word_1_163' title='bbox 484 3189 576 3253; x_wconf 90' lang='lat' dir='ltr'><strong>tertia</strong></span> <span class='ocrx_word' id='word_1_164' title='bbox 598 3210 728 3272; x_wconf 90' lang='lat' dir='ltr'><strong>quoque</strong></span> <span class='ocrx_word' id='word_1_165' title='bbox 749 3189 977 3275; x_wconf 87' lang='lat' dir='ltr'><strong>conjugatione</strong></span> <span class='ocrx_word' id='word_1_166' title='bbox 999 3191 1158 3256; x_wconf 85' lang='lat' dir='ltr'><strong>infinitivo</strong></span> <span class='ocrx_word' id='word_1_167' title='bbox 1180 3190 1279 3254; x_wconf 94' lang='lat' dir='ltr'><strong>modo</strong></span> <span class='ocrx_word' id='word_1_168' title='bbox 1300 3201 1444 3275; x_wconf 84' lang='lat' dir='ltr'><strong>tempore</strong></span> 
     </span>
     <span class='ocr_line' id='line_1_27' title="bbox 391 3289 1444 3374; baseline 0.001 -22"><span class='ocrx_word' id='word_1_169' title='bbox 391 3289 539 3374; x_wconf 70' lang='lat' dir='ltr'><strong>praesenti</strong></span> <span class='ocrx_word' id='word_1_170' title='bbox 555 3299 620 3353; x_wconf 90' lang='lat' dir='ltr'><strong>tam</strong></span> <span class='ocrx_word' id='word_1_171' title='bbox 641 3290 729 3353; x_wconf 87' lang='lat' dir='ltr'><strong>verbi</strong></span> <span class='ocrx_word' id='word_1_172' title='bbox 748 3291 867 3374; x_wconf 87' lang='lat' dir='ltr'><strong>passivi</strong></span> <span class='ocrx_word' id='word_1_173' title='bbox 889 3311 986 3374; x_wconf 91' lang='lat' dir='ltr'><strong>quam</strong></span> <span class='ocrx_word' id='word_1_174' title='bbox 1006 3290 1199 3374; x_wconf 85' lang='lat' dir='ltr'><strong>deponentis</strong></span> <span class='ocrx_word' id='word_1_175' title='bbox 1219 3291 1361 3355; x_wconf 87' lang='lat' dir='ltr'><strong>iambum</strong></span> <span class='ocrx_word' id='word_1_176' title='bbox 1382 3291 1444 3354; x_wconf 84' lang='lat' dir='ltr'><strong>for-</strong></span> 
     </span>
     <span class='ocr_line' id='line_1_28' title="bbox 391 3391 1445 3476; baseline 0.002 -22"><span class='ocrx_word' id='word_1_177' title='bbox 391 3391 470 3454; x_wconf 90' lang='lat' dir='ltr'><strong>mari</strong></span> <span class='ocrx_word' id='word_1_178' title='bbox 486 3410 614 3469; x_wconf 87' lang='lat' dir='ltr'><strong>censeo,</strong></span> <span class='ocrx_word' id='word_1_179' title='bbox 629 3400 666 3454; x_wconf 89' lang='lat' dir='ltr'><strong>ut</strong></span> <span class='ocrx_word' id='word_1_180' title='bbox 681 3391 758 3473; x_wconf 89' lang='lat' dir='ltr'><strong>geri,</strong></span> <span class='ocrx_word' id='word_1_181' title='bbox 772 3393 842 3469; x_wconf 88' lang='lat' dir='ltr'><strong>teri,</strong></span> <span class='ocrx_word' id='word_1_182' title='bbox 861 3393 935 3469; x_wconf 90' lang='lat' dir='ltr'><strong>seri,</strong></span> <span class='ocrx_word' id='word_1_183' title='bbox 954 3393 1030 3476; x_wconf 88' lang='lat' dir='ltr'><strong>tegi,</strong></span> <span class='ocrx_word' id='word_1_184' title='bbox 1050 3394 1127 3474; x_wconf 89' lang='lat' dir='ltr'><strong>legi,</strong></span> <span class='ocrx_word' id='word_1_185' title='bbox 1148 3393 1228 3473; x_wconf 91' lang='lat' dir='ltr'><strong>regi,</strong></span> <span class='ocrx_word' id='word_1_186' title='bbox 1252 3392 1343 3470; x_wconf 87' lang='lat' dir='ltr'><strong>trahi,</strong></span> <span class='ocrx_word' id='word_1_187' title='bbox 1362 3393 1445 3472; x_wconf 90' lang='lat' dir='ltr'><strong>vehi,</strong></span> 
     </span>
     <span class='ocr_line' id='line_1_29' title="bbox 390 3491 1444 3577; baseline -0.001 -21"><span class='ocrx_word' id='word_1_188' title='bbox 390 3493 481 3556; x_wconf 89' lang='lat' dir='ltr'><strong>mori.</strong></span> <span class='ocrx_word' id='word_1_189' title='bbox 525 3494 554 3554; x_wconf 88' lang='lat' dir='ltr'>A</span> <span class='ocrx_word' id='word_1_190' title='bbox 582 3491 745 3575; x_wconf 80' lang='lat' dir='ltr'><strong>praedictis</strong></span> <span class='ocrx_word' id='word_1_191' title='bbox 775 3513 906 3577; x_wconf 89' lang='lat' dir='ltr'><strong>quoque</strong></span> <span class='ocrx_word' id='word_1_192' title='bbox 932 3495 1172 3576; x_wconf 88' lang='lat' dir='ltr'><strong>monosyllabis,</strong></span> <span class='ocrx_word' id='word_1_193' title='bbox 1198 3513 1280 3574; x_wconf 89' lang='lat' dir='ltr'><strong>quas</strong></span> <span class='ocrx_word' id='word_1_194' title='bbox 1308 3493 1342 3554; x_wconf 94' lang='lat' dir='ltr'><strong>in</strong></span> <span class='ocrx_word' id='word_1_195' title='bbox 1365 3493 1444 3577; x_wconf 82' lang='lat' dir='ltr'><strong>Pyr·</strong></span> 
     </span>
     <span class='ocr_line' id='line_1_30' title="bbox 389 3591 1443 3677; baseline 0.001 -22"><span class='ocrx_word' id='word_1_196' title='bbox 389 3592 513 3657; x_wconf 88' lang='lat' dir='ltr'><strong>rhichio</strong></span> <span class='ocrx_word' id='word_1_197' title='bbox 532 3592 808 3676; x_wconf 85' lang='lat' dir='ltr'><strong>explanandarum</strong></span> <span class='ocrx_word' id='word_1_198' title='bbox 829 3614 934 3656; x_wconf 90' lang='lat' dir='ltr'><strong>rerum</strong></span> <span class='ocrx_word' id='word_1_199' title='bbox 951 3594 1052 3674; x_wconf 88' lang='lat' dir='ltr'><strong>gratia</strong></span> <span class='ocrx_word' id='word_1_200' title='bbox 1065 3592 1277 3677; x_wconf 87' lang='lat' dir='ltr'><strong>praetulimus,</strong></span> <span class='ocrx_word' id='word_1_201' title='bbox 1292 3613 1367 3656; x_wconf 91' lang='lat' dir='ltr'><strong>cum</strong></span> <span class='ocrx_word' id='word_1_202' title='bbox 1387 3591 1443 3656; x_wconf 91' lang='lat' dir='ltr'><strong>da-</strong></span> 
     </span>
     <span class='ocr_line' id='line_1_31' title="bbox 391 3689 1445 3776; baseline 0.001 -20"><span class='ocrx_word' id='word_1_203' title='bbox 391 3692 456 3756; x_wconf 85' lang='lat' dir='ltr'><strong>tivo</strong></span> <span class='ocrx_word' id='word_1_204' title='bbox 472 3691 626 3775; x_wconf 87' lang='lat' dir='ltr'><strong>singulari</strong></span> <span class='ocrx_word' id='word_1_205' title='bbox 641 3704 697 3756; x_wconf 90' lang='lat' dir='ltr'><strong>aut</strong></span> <span class='ocrx_word' id='word_1_206' title='bbox 710 3689 909 3756; x_wconf 82' lang='lat' dir='ltr'><strong>nominativo</strong></span> <span class='ocrx_word' id='word_1_207' title='bbox 928 3693 1045 3776; x_wconf 86' lang='lat' dir='ltr'><strong>plurali</strong></span> <span class='ocrx_word' id='word_1_208' title='bbox 1059 3693 1271 3769; x_wconf 86' lang='lat' dir='ltr'><strong>declinantur,</strong></span> <span class='ocrx_word' id='word_1_209' title='bbox 1286 3693 1445 3757; x_wconf 89' lang='lat' dir='ltr'><strong>iambicos</strong></span> 
     </span>
     <span class='ocr_line' id='line_1_32' title="bbox 390 3793 1444 3878; baseline 0.001 -19"><span class='ocrx_word' id='word_1_210' title='bbox 390 3794 492 3878; x_wconf 88' lang='lat' dir='ltr'><strong>pedes</strong></span> <span class='ocrx_word' id='word_1_211' title='bbox 507 3794 640 3857; x_wconf 87' lang='lat' dir='ltr'><strong>derivari</strong></span> <span class='ocrx_word' id='word_1_212' title='bbox 657 3794 835 3858; x_wconf 86' lang='lat' dir='ltr'><strong>certissima</strong></span> <span class='ocrx_word' id='word_1_213' title='bbox 849 3803 1019 3856; x_wconf 89' lang='lat' dir='ltr'><strong>metrorum</strong></span> <span class='ocrx_word' id='word_1_214' title='bbox 1039 3794 1120 3857; x_wconf 90' lang='lat' dir='ltr'><strong>ratio</strong></span> <span class='ocrx_word' id='word_1_215' title='bbox 1142 3793 1294 3868; x_wconf 83' lang='lat' dir='ltr'><strong>declarat.</strong></span> <span class='ocrx_word' id='word_1_216' title='bbox 1309 3801 1345 3857; x_wconf 88' lang='lat' dir='ltr'><strong>ut</strong></span> <span class='ocrx_word' id='word_1_217' title='bbox 1364 3815 1444 3860; x_wconf 84' lang='lat' dir='ltr'><strong>crux</strong></span> 
     </span>
    </p>
   </div>
   <div class='ocr_carea' id='block_1_7' title="bbox 390 3895 1175 4065">
    <p class='ocr_par' dir='ltr' id='par_1_10' title="bbox 390 3895 1175 4065">
     <span class='ocr_line' id='line_1_33' title="bbox 390 3895 1045 3979; baseline -0.005 -19"><span class='ocrx_word' id='word_1_218' title='bbox 390 3897 479 3960; x_wconf 87' lang='lat' dir='ltr'><strong>cruci</strong></span> <span class='ocrx_word' id='word_1_219' title='bbox 494 3917 617 3971; x_wconf 89' lang='lat' dir='ltr'><strong>cruces,</strong></span> <span class='ocrx_word' id='word_1_220' title='bbox 633 3895 850 3979; x_wconf 87' lang='lat' dir='ltr'><strong>adstipulante</strong></span> <span class='ocrx_word' id='word_1_221' title='bbox 866 3895 1045 3978; x_wconf 86' lang='lat' dir='ltr'><strong>Prospero:</strong></span> 
     </span>
     <span class='ocr_line' id='line_1_34' title="bbox 531 3990 1175 4065; baseline -0.002 -21"><span class='ocrx_word' id='word_1_222' title='bbox 531 3991 590 4044; x_wconf 85' lang='lat' dir='ltr'><strong>Nec</strong></span> <span class='ocrx_word' id='word_1_223' title='bbox 601 3994 683 4046; x_wconf 88' lang='lat' dir='ltr'><strong>crucis</strong></span> <span class='ocrx_word' id='word_1_224' title='bbox 694 3993 823 4065; x_wconf 84' lang='lat' dir='ltr'><strong>asperitas</strong></span> <span class='ocrx_word' id='word_1_225' title='bbox 834 3993 919 4064; x_wconf 78' lang='lat' dir='ltr'><strong>potuit</strong></span> <span class='ocrx_word' id='word_1_226' title='bbox 929 3997 1026 4045; x_wconf 84' lang='lat' dir='ltr'><strong>terrere</strong></span> <span class='ocrx_word' id='word_1_227' title='bbox 1037 3990 1175 4044; x_wconf 79' lang='lat' dir='ltr'><strong>volentem.</strong></span> 
     </span>
    </p>
   </div>
   <div class='ocr_carea' id='block_1_8' title="bbox 388 4080 1444 4570">
    <p class='ocr_par' dir='ltr' id='par_1_11' title="bbox 388 4080 1444 4570">
     <span class='ocr_line' id='line_1_35' title="bbox 390 4080 1443 4161; baseline 0.001 -16"><span class='ocrx_word' id='word_1_228' title='bbox 390 4083 461 4146; x_wconf 88' lang='lat' dir='ltr'><strong>Fax</strong></span> <span class='ocrx_word' id='word_1_229' title='bbox 486 4081 551 4146; x_wconf 88' lang='lat' dir='ltr'><strong>saci</strong></span> <span class='ocrx_word' id='word_1_230' title='bbox 578 4083 677 4161; x_wconf 80' lang='lat' dir='ltr'><strong>faces,</strong></span> <span class='ocrx_word' id='word_1_231' title='bbox 699 4092 771 4146; x_wconf 85' lang='lat' dir='ltr'><strong>trux</strong></span> <span class='ocrx_word' id='word_1_232' title='bbox 800 4083 880 4145; x_wconf 79' lang='lat' dir='ltr'><strong>mici</strong></span> <span class='ocrx_word' id='word_1_233' title='bbox 908 4089 1026 4156; x_wconf 90' lang='lat' dir='ltr'><strong>truces,</strong></span> <span class='ocrx_word' id='word_1_234' title='bbox 1049 4102 1118 4144; x_wconf 86' lang='lat' dir='ltr'><strong>nox</strong></span> <span class='ocrx_word' id='word_1_235' title='bbox 1139 4080 1216 4143; x_wconf 89' lang='lat' dir='ltr'><strong>nuci</strong></span> <span class='ocrx_word' id='word_1_236' title='bbox 1238 4101 1350 4156; x_wconf 89' lang='lat' dir='ltr'><strong>nuces,</strong></span> <span class='ocrx_word' id='word_1_237' title='bbox 1374 4081 1443 4146; x_wconf 88' lang='lat' dir='ltr'><strong>dux</strong></span> 
     </span>
     <span class='ocr_line' id='line_1_36' title="bbox 390 4181 1444 4265; baseline 0.003 -21"><span class='ocrx_word' id='word_1_238' title='bbox 390 4181 466 4246; x_wconf 88' lang='lat' dir='ltr'><strong>duci</strong></span> <span class='ocrx_word' id='word_1_239' title='bbox 480 4181 591 4245; x_wconf 89' lang='lat' dir='ltr'><strong>duces.</strong></span> <span class='ocrx_word' id='word_1_240' title='bbox 639 4183 692 4246; x_wconf 90' lang='lat' dir='ltr'><strong>Sic</strong></span> <span class='ocrx_word' id='word_1_241' title='bbox 707 4203 813 4265; x_wconf 75' lang='lat' dir='ltr'><strong>grueS,</strong></span> <span class='ocrx_word' id='word_1_242' title='bbox 828 4203 902 4246; x_wconf 88' lang='lat' dir='ltr'><strong>sues</strong></span> <span class='ocrx_word' id='word_1_243' title='bbox 916 4192 949 4246; x_wconf 92' lang='lat' dir='ltr'><strong>et</strong></span> <span class='ocrx_word' id='word_1_244' title='bbox 963 4194 1078 4246; x_wconf 88' lang='lat' dir='ltr'><strong>caetera</strong></span> <span class='ocrx_word' id='word_1_245' title='bbox 1097 4181 1239 4245; x_wconf 59' lang='lat' dir='ltr'><strong>similia„</strong></span> <span class='ocrx_word' id='word_1_246' title='bbox 1269 4182 1444 4248; x_wconf 87' lang='lat' dir='ltr'><strong>Sumuntur</strong></span> 
     </span>
     <span class='ocr_line' id='line_1_37' title="bbox 390 4282 1444 4370; baseline 0.002 -23"><span class='ocrx_word' id='word_1_247' title='bbox 390 4284 484 4348; x_wconf 90' lang='lat' dir='ltr'><strong>etiam</strong></span> <span class='ocrx_word' id='word_1_248' title='bbox 511 4283 643 4348; x_wconf 88' lang='lat' dir='ltr'><strong>iambici</strong></span> <span class='ocrx_word' id='word_1_249' title='bbox 668 4284 770 4370; x_wconf 88' lang='lat' dir='ltr'><strong>pedes</strong></span> <span class='ocrx_word' id='word_1_250' title='bbox 793 4305 814 4345; x_wconf 89' lang='lat' dir='ltr'><strong>a</strong></span> <span class='ocrx_word' id='word_1_251' title='bbox 834 4282 1015 4365; x_wconf 86' lang='lat' dir='ltr'><strong>participiis</strong></span> <span class='ocrx_word' id='word_1_252' title='bbox 1037 4283 1163 4345; x_wconf 90' lang='lat' dir='ltr'><strong>illorum</strong></span> <span class='ocrx_word' id='word_1_253' title='bbox 1186 4282 1354 4348; x_wconf 84' lang='lat' dir='ltr'><strong>dumtaxat</strong></span> <span class='ocrx_word' id='word_1_254' title='bbox 1374 4307 1444 4349; x_wconf 84' lang='lat' dir='ltr'><strong>ver·</strong></span> 
     </span>
     <span class='ocr_line' id='line_1_38' title="bbox 388 4383 1444 4469; baseline 0.004 -21"><span class='ocrx_word' id='word_1_255' title='bbox 388 4387 501 4448; x_wconf 91' lang='lat' dir='ltr'><strong>borum</strong></span> <span class='ocrx_word' id='word_1_256' title='bbox 518 4405 591 4468; x_wconf 81' lang='lat' dir='ltr'><strong>qooe</strong></span> <span class='ocrx_word' id='word_1_257' title='bbox 610 4386 645 4448; x_wconf 92' lang='lat' dir='ltr'><strong>in</strong></span> <span class='ocrx_word' id='word_1_258' title='bbox 668 4383 856 4469; x_wconf 83' lang='lat' dir='ltr'><strong>Pyrrhichio</strong></span> <span class='ocrx_word' id='word_1_259' title='bbox 878 4383 1025 4466; x_wconf 89' lang='lat' dir='ltr'><strong>superius</strong></span> <span class='ocrx_word' id='word_1_260' title='bbox 1047 4383 1248 4466; x_wconf 85' lang='lat' dir='ltr'><strong>digessimus,</strong></span> <span class='ocrx_word' id='word_1_261' title='bbox 1270 4393 1306 4448; x_wconf 91' lang='lat' dir='ltr'><strong>ut</strong></span> <span class='ocrx_word' id='word_1_262' title='bbox 1325 4385 1444 4468; x_wconf 88' lang='lat' dir='ltr'><strong>rigans,</strong></span> 
     </span>
     <span class='ocr_line' id='line_1_39' title="bbox 390 4485 872 4570; baseline -0.002 -22"><span class='ocrx_word' id='word_1_263' title='bbox 390 4485 505 4563; x_wconf 89' lang='lat' dir='ltr'><strong>litans;</strong></span> <span class='ocrx_word' id='word_1_264' title='bbox 528 4486 611 4550; x_wconf 85' lang='lat' dir='ltr'><strong>sicut</strong></span> <span class='ocrx_word' id='word_1_265' title='bbox 624 4497 721 4570; x_wconf 85' lang='lat' dir='ltr'><strong>poeta</strong></span> <span class='ocrx_word' id='word_1_266' title='bbox 736 4486 872 4569; x_wconf 88' lang='lat' dir='ltr'><strong>probat:</strong></span> 
     </span>
    </p>
   </div>
   <div class='ocr_carea' id='block_1_9' title="bbox 0 0 1884 5425">
    <p class='ocr_par' dir='ltr' id='par_1_12' title="bbox 0 0 1884 5425">
     <span class='ocr_line' id='line_1_40' title="bbox 0 0 1884 5425; baseline 0 1"><span class='ocrx_word' id='word_1_267' title='bbox 0 0 1884 5425; x_wconf 95' lang='lat' dir='ltr'><strong> </strong></span> 
     </span>
    </p>
   </div>
  </div>
 </body>
</html>
