3759 5425
511 776 667 824 urrerem
682 780 725 825 ao
741 779 876 825 canaan
894 779 1053 825 wrararor
1071 778 1226 825 rarecort.
1327 763 1390 823 885

330 933 560 1014 receptacula,
576 933 748 999 densarum
763 955 968 997 cavernarum
984 934 1142 1013 cohortes,
1157 933 1269 1019 rapido
1284 934 1391 996 volatu

334 1033 385 1097 ad
417 1035 536 1099 aethers
572 1038 779 1118 glomerante,
809 1037 958 1120 exceptis
994 1032 1162 1101 duntaxat
1189 1036 1392 1120 antiquarum

335 1136 471 1200 sedium
492 1138 718 1201 servatricibus
747 1137 789 1201 ad
817 1138 1080 1223 propagationem
1110 1138 1230 1203 sobolis
1258 1138 1390 1201 sutura:

332 1239 485 1318 relictus,
513 1240 657 1325 inquam,
685 1241 864 1305 mirabilius
893 1241 993 1318 dictu,
1023 1243 1096 1305 Rex
1132 1262 1252 1317 earum,
1281 1236 1394 1321 spissis

337 1339 505 1405 sodalium
520 1342 702 1424 agminibus
716 1343 862 1417 vallatus,
878 1364 953 1409 cum
972 1342 1106 1408 hiberna
1121 1354 1226 1407 castra
1240 1339 1393 1423 gregatim

339 1442 507 1525 egreditur
524 1451 556 1507 et
575 1465 654 1508 cara
672 1444 818 1529 stipitum
839 1447 955 1509 robora
972 1444 1111 1526 rimatur,
1127 1446 1153 1509 si
1176 1442 1395 1529 pulverulenta

340 1546 491 1610 sablonis
519 1547 685 1631 aspergine
714 1546 923 1631 praepeditus,
948 1568 1005 1610 seu
1034 1547 1210 1632 repentinis
1238 1545 1395 1609 imbribus

341 1656 507 1712 cataracta
526 1649 657 1734 Olympi
678 1650 826 1731 guttatim
844 1650 1025 1715 rorantibus
1046 1647 1223 1713 retardatus
1242 1648 1349 1727 luerit,
1363 1657 1397 1712 et

342 1748 389 1815 ad
413 1759 534 1833 gratam
555 1761 673 1815 cratem
694 1750 867 1836 sedemque
885 1752 1052 1837 pristinam
1072 1760 1267 1829 revertatur;
1290 1750 1395 1815 omnia

341 1855 492 1939 protinus
513 1855 675 1919 exercitus
696 1866 850 1919 consueta
870 1855 1030 1919 vestibula
1049 1873 1270 1939 perrumpens,
1289 1853 1397 1938 prisca

343 1955 500 2020 cellarum
515 1956 654 2020 claustra
667 1955 921 2039 gratulabundus
938 1955 1118 2039 ingreditur
1118 1998 1395 2019 ......

346 2054 384 2118 Si
414 2075 490 2135 ergo
519 2055 623 2118 taliter
651 2065 796 2119 creatura
824 2056 945 2120 ratione
983 2076 1106 2135 carens,
1137 2077 1233 2141 qnam
1266 2059 1332 2122 vita
1363 2066 1397 2122 et

345 2167 462 2221 natura
475 2155 579 2220 indita
593 2157 717 2240 absque
731 2158 859 2241 legibus
874 2160 1002 2244 scriptis
1018 2161 1209 2241 gubernant,
1224 2160 1398 2247 reciprocis

346 2272 525 2344 temporum
555 2259 815 2324 successionibus
844 2259 986 2325 ductoris
1015 2272 1178 2345 precepto
1207 2274 1316 2346 paret3
1348 2283 1396 2326 re-

347 2362 519 2447 spondete,
539 2382 630 2445 rogo,
649 2374 756 2427 utrum
784 2384 849 2427 non
879 2361 1046 2427 horrendae
1072 2363 1320 2427 abominationis
1347 2364 1397 2427 in·

348 2465 449 2531 famia
467 2465 532 2529 sint
550 2464 779 2549 exprobrandi,
794 2466 851 2550 qui
870 2486 1027 2529 concessa
1047 2465 1239 2548 septiformis
1260 2464 1398 2548 Spiritus

349 2569 450 2651 gratia
474 2567 610 2652 praediti,
631 2565 754 2629 devotae
777 2566 989 2652 subjectionis
1011 2565 1110 2629 lraena
1128 2566 1192 2630 ritu
1210 2566 1397 2650 phrenetico

348 2670 509 2754 frangunt
554 2667 621 2734 Cur
649 2678 757 2734 autem
783 2667 978 2733 diversarum
1008 2688 1112 2731 rerum
1140 2667 1398 2733 ratiocinationes

351 2773 564 2853 conglobans,
585 2770 626 2835 ad
644 2769 830 2854 instiganda
851 2769 947 2834 vestri
968 2771 1108 2856 pectoris
1130 2769 1307 2854 praecordia
1328 2771 1399 2834 stri-

352 2874 448 2939 dente
467 2875 593 2937 calamo
612 2892 806 2958 percurram,
824 2870 944 2936 audite.
988 2871 1080 2936 Ecce
1102 2873 1262 2936 seculares
1281 2871 1398 2936 divinae
1506 2942 1509 2948 ,

353 2975 496 3042 scientiae
511 2985 666 3054 extorres,
680 2974 708 3037 si
725 2972 875 3040 devotum
895 2972 1061 3038 dominum
1076 2996 1171 3058 quem
1186 2974 1221 3039 in
1240 2975 1399 3060 prosperi·

352 3087 417 3143 tate
432 3075 627 3155 dilexerunt,
641 3084 787 3140 cessante
806 3075 968 3142 felicitatis
990 3077 1166 3161 opulentia,
1180 3089 1212 3141 et
1232 3077 1400 3161 ingruente

354 3178 544 3246 calamitatis
557 3178 760 3259 adversitate,
773 3179 981 3260 deseruerint,
995 3191 1027 3243 et
1042 3201 1155 3245 secura
1169 3179 1273 3245 dulcis
1288 3181 1400 3266 patriae

354 3284 418 3348 otia
432 3282 596 3348 exulantis
618 3281 742 3345 domini
762 3303 917 3366 pressurae
934 3283 1148 3368 praetulerint:
1186 3284 1305 3348 Nonne
1324 3305 1400 3348 exe·

356 3384 483 3452 erabilis
492 3383 644 3448 cachinni
655 3382 791 3447 ridiculo
806 3396 839 3448 et
847 3396 1033 3466 gannatura
1049 3385 1182 3468 strepitu
1193 3385 1234 3448 ab
1249 3385 1401 3450 omnibus

357 3484 538 3552 ducuntur?
576 3485 663 3559 Quid
678 3507 753 3569 ergo
768 3484 809 3549 de
823 3485 916 3548 robis
931 3483 1073 3562 dicetur,
1095 3486 1123 3548 si
1137 3485 1329 3550 Pontificem
1344 3486 1401 3571 qui

356 3611 410 3655 ros
423 3589 556 3654 nutrivit
569 3602 602 3653 et
616 3588 744 3666 extulit,
758 3587 792 3650 iu
807 3586 907 3652 exilio
924 3586 1029 3650 solum
1044 3585 1246 3651 dimiseritis?
1267 3588 1326 3651 &a
