3759 5425
611 714 653 759 ns
670 712 835 760 muninus
849 714 1082 761 vmouursms.
1331 706 1369 765 la

314 870 449 931 solerter
463 888 560 931 nosse
575 866 745 945 desiderat,
760 880 887 952 quantae
902 869 1068 950 legionum
1081 881 1193 934 turmae
1208 873 1371 955 predictis

313 968 531 1053 spiritualium
541 966 755 1052 nequitiarum
768 970 906 1033 ducibus
921 984 952 1033 et
967 973 1056 1034 tetris
1067 973 1269 1036 tenebrarum
1283 976 1370 1059 prin·

314 1070 446 1154 cipibus
461 1071 664 1145 famulentur,
679 1082 758 1154 quot
778 1071 935 1153 tyrannici
956 1072 1134 1136 militonum
1149 1077 1370 1159 commanipu-

313 1172 402 1235 lares
420 1172 571 1235 humanae
591 1181 711 1241 naturai
734 1173 872 1236 nocituri
892 1174 1152 1257 subsequantur?
1176 1188 1256 1258 quot
1270 1179 1370 1241 scele-

314 1282 458 1337 ratorum
474 1273 627 1336 satellites
641 1272 682 1335 ad
697 1272 952 1355 impugnandam
971 1287 1152 1338 nostrorum
1172 1276 1273 1338 aciem
1294 1298 1370 1341 con-

315 1374 431 1458 spirati
446 1383 478 1436 et
493 1372 569 1435 fidei
588 1372 832 1456 propugnacula
852 1371 1036 1435 subruenda
1055 1372 1275 1456 manipulatim
1295 1396 1371 1437 con-

317 1472 521 1557 glomerent?
567 1476 613 1537 Et
635 1474 797 1558 quomodo
825 1472 969 1557 ejusdem
993 1474 1141 1538 nefande
1162 1476 1284 1538 militiae
1306 1487 1373 1540 tam

318 1578 463 1653 calones,
486 1585 520 1639 et
542 1576 677 1637 clientes
703 1594 776 1636 cum
802 1574 940 1637 lixarum
964 1575 1102 1638 coetibus
1127 1575 1168 1639 ad
1194 1577 1373 1642 inferiorem

318 1677 455 1758 gradum
475 1678 683 1762 pertinentes,
697 1697 793 1759 quam
816 1688 951 1759 satrape
966 1690 998 1740 et
1012 1699 1161 1761 proceres
1179 1680 1373 1762 flagitiosum

319 1779 385 1843 sibi
415 1777 588 1842 eorundem
619 1778 786 1861 spirituum
816 1778 1011 1841 tribunatum
1040 1778 1252 1854 vindicantes,
1279 1782 1374 1846 certis

318 1881 550 1943 vocabulorum
565 1878 812 1963 proprietatibus
826 1878 1015 1942 nominatim
1029 1891 1263 1964 nuncupentur.
1308 1882 1374 1953 Qui

318 1982 505 2067 prophanus
528 1981 765 2064 allophylorum
787 1980 949 2044 exercitus
964 1982 998 2044 in
1015 1982 1169 2045 centuriis
1184 1991 1217 2045 et
1230 1982 1373 2046 millibus

319 2082 490 2146 adversum
512 2082 674 2145 Israelitas
689 2081 724 2143 in
738 2081 857 2144 vertice
879 2081 999 2145 montis
1014 2083 1149 2147 Gelboae
1164 2086 1374 2166 conglobatos

319 2184 477 2247 instanter
496 2184 661 2245 hortantur
680 2181 722 2245 ad
745 2181 875 2258 bellum,
889 2181 923 2244 id
946 2193 1005 2260 est,
1023 2183 1197 2249 invisorum
1217 2186 1375 2249 horrenda

321 2285 472 2349 vitiorum
494 2282 634 2363 agmina,
657 2304 730 2367 qnae
752 2295 863 2347 contra
885 2284 1078 2349 catholicam
1101 2288 1259 2352 Ecclesia
1280 2311 1373 2372 paro-

321 2386 443 2463 chiam,
458 2408 531 2451 cum
556 2384 693 2449 ducibus
713 2386 774 2449 sibi
794 2387 945 2469 prelatis,
966 2390 1120 2470 gregatim
1142 2390 1287 2472 ingruere
1306 2412 1374 2453 mo·

319 2492 689 2576 liuntur,renenatisque
704 2492 903 2575 piaculorum
915 2494 1059 2576 spiculis,
1068 2505 1101 2559 et
1115 2493 1183 2558 dira
1197 2496 1374 2559 facinorum

320 2598 526 2672 framea,non
538 2595 642 2656 solum
658 2614 774 2673 segnes
786 2594 945 2657 sauciant:
970 2616 1078 2657 verum
1093 2596 1243 2659 emeritos
1254 2597 1376 2660 Christi

320 2696 442 2760 milites
461 2693 621 2759 interdum
640 2694 797 2759 virulento
818 2695 973 2759 castitatis
993 2696 1122 2760 vulnere
1145 2697 1281 2760 letaliter
1301 2719 1375 2781 pro·

321 2807 479 2874 sternunt,
501 2807 623 2860 utnon
650 2797 808 2861 immerito
832 2797 1060 2860 intellectualis
1083 2796 1199 2876 David,
1222 2798 1302 2881 quid
1326 2807 1377 2863 est

322 2899 385 2962 flos
401 2897 527 2980 virgulti
549 2898 589 2961 de
608 2898 716 2962 radice
734 2898 824 2961 Jesse
845 2897 1057 2977 descendeus,
1071 2899 1203 2983 populis
1217 2901 1375 2966 Ecclesiae

322 2999 473 3063 vitiorum
496 3009 601 3080 strage
622 2999 805 3065 catervatim
828 2998 1022 3064 cadentibus
1041 3023 1168 3066 cannen
1187 3003 1321 3068 funebre
1343 3016 1376 3068 et

322 3101 486 3167 canticum
515 3101 730 3179 lamentabile,
752 3098 840 3183 quod
864 3101 1090 3184 Epithrenion,
1117 3113 1150 3166 et
1173 3104 1375 3187 Epitaphion

323 3215 466 3282 vocatur,
486 3204 702 3287 conpatientis
726 3204 844 3267 affectu
865 3203 1043 3283 lugubriter
1062 3215 1244 3289 componat.
1289 3207 1373 3269 Haec

322 3307 467 3390 inquam,
493 3305 521 3367 si
547 3313 651 3368 vestra
679 3305 813 3368 curiosae
843 3304 1069 3368 sollicitudinis
1093 3306 1220 3370 solertia
1247 3307 1377 3388 plenius

322 3405 534 3471 animadverti
557 3403 711 3481 maluerit,
733 3424 797 3466 uon
822 3402 918 3465 modo
941 3403 974 3464 X
996 3403 1183 3466 collationes
1207 3415 1377 3485 patruma

323 3507 484 3572 Cassiano
498 3505 714 3570 Massiliensis
728 3504 890 3588 parochie
905 3503 1162 3567 Archimandrita
1175 3506 1378 3587 peculiariter

324 3608 469 3672 dictandi
490 3609 642 3672 facundia
663 3604 798 3691 praedito
820 3605 953 3685 digestae
974 3616 1120 3688 patenter
1143 3607 1375 3691 propalabunt:

323 3731 435 3774 rerum
460 3709 555 3773 etiam
582 3709 755 3792 Gregorius
780 3705 866 3770 sedis
891 3708 1089 3790 Apostolicoe
1114 3709 1241 3791 presul,
1265 3729 1286 3771 a
1311 3731 1377 3792 quo

323 3811 507 3876 rudimenta
521 3811 599 3876 fidei
614 3821 647 3874 et
660 3809 811 3894 baptismi
824 3817 1023 3871 sacramenta
1032 3808 1231 3894 suscepimus
1242 3811 1275 3874 in
1286 3793 1379 3876 libris

325 3913 500 3976 Moralium
515 3913 613 3976 XXX
627 3933 684 3996 per
698 3909 883 3992 allegoriam
898 3910 971 3972 luce
986 3910 1102 3974 clarius
1116 3911 1265 3976 elimarit.
1310 3912 1377 3978 Sed

324 4032 385 4074 nos
401 4009 442 4074 de
457 4009 625 4093 flagitiosis
634 4010 718 4072 Vlll
735 4009 882 4072 vitiorum
898 4007 1073 4089 radicibus,
1082 4011 1169 4074 unde
1182 4015 1378 4098 reliquorum

324 4110 505 4194 peruiciosa
515 4111 691 4176 facinorum
704 4109 822 4173 fruteta
830 4111 917 4174 velut
927 4111 1034 4194 spissa
1043 4111 1249 4193 virgultorum
1259 4115 1379 4179 vimina

323 4217 420 4282 lentis
435 4217 603 4282 frondibus
624 4225 839 4292 succrescunt,
855 4236 893 4277 ea
912 4215 1113 4298 potissimum
1132 4236 1231 4280 causa
1249 4217 1378 4301 discep-

325 4333 392 4387 tare
415 4331 449 4385 et
470 4321 633 4405 disputare
656 4319 769 4400 coegit,
792 4317 878 4402 quod
901 4318 1047 4382 nonnulli
1070 4316 1159 4380 edito
1181 4319 1380 4401 Virginitatis

327 4423 455 4504 fastigio
467 4421 630 4484 sublimati
645 4432 676 4484 et
690 4420 830 4503 publicae
842 4419 1096 4482 conversationis
1107 4420 1234 4484 arcibus
1245 4421 1378 4485 exaltati

326 4524 506 4589 secuudum
528 4523 683 4588 castitatis
704 4521 847 4604 gradum,
862 4541 899 4584 ac
916 4520 945 4582 si
959 4521 1235 4605 contemptibilem
1251 4522 1377 4603 sibique
