<?xml version="1.0" encoding="UTF-8"?>
<!DOCTYPE html PUBLIC "-//W3C//DTD XHTML 1.0 Transitional//EN"
    "http://www.w3.org/TR/xhtml1/DTD/xhtml1-transitional.dtd">
<html xmlns="http://www.w3.org/1999/xhtml" xml:lang="en" lang="en">
 <head>
  <title>
</title>
<meta http-equiv="Content-Type" content="text/html;charset=utf-8" />
  <meta name='ocr-system' content='tesseract 3.04.00' />
  <meta name='ocr-capabilities' content='ocr_page ocr_carea ocr_par ocr_line ocrx_word'/>
</head>
<body>
  <div class='ocr_page' id='page_1' title='image "./operaquextantom00aldhgoog_0212.png"; bbox 0 0 3759 5425; ppageno 0'>
   <div class='ocr_carea' id='block_1_1' title="bbox 462 677 524 738">
    <p class='ocr_par' dir='ltr' id='par_1_1' title="bbox 462 677 524 738">
     <span class='ocr_line' id='line_1_1' title="bbox 462 677 524 738; baseline 0.065 -3"><span class='ocrx_word' id='word_1_1' title='bbox 462 677 524 738; x_wconf 77' lang='lat'><strong>184</strong></span> 
     </span>
    </p>
   </div>
   <div class='ocr_carea' id='block_1_2' title="bbox 786 697 1207 752">
    <p class='ocr_par' dir='ltr' id='par_1_2' title="bbox 786 697 1207 752">
     <span class='ocr_line' id='line_1_2' title="bbox 786 697 1207 752; baseline 0.017 -10"><span class='ocrx_word' id='word_1_2' title='bbox 786 697 831 744; x_wconf 67' lang='lat' dir='ltr'><strong>D!</strong></span> <span class='ocrx_word' id='word_1_3' title='bbox 846 697 1013 746; x_wconf 69' lang='lat' dir='ltr'><strong>muninus</strong></span> <span class='ocrx_word' id='word_1_4' title='bbox 1027 699 1207 752; x_wconf 68' lang='lat' dir='ltr'><strong>vmfflrtuu.</strong></span> 
     </span>
    </p>
   </div>
   <div class='ocr_carea' id='block_1_3' title="bbox 523 844 1442 4547">
    <p class='ocr_par' dir='ltr' id='par_1_3' title="bbox 531 844 1442 2623">
     <span class='ocr_line' id='line_1_3' title="bbox 543 844 1339 937; baseline 0.01 -27"><span class='ocrx_word' id='word_1_5' title='bbox 543 844 628 910; x_wconf 85' lang='lat' dir='ltr'><strong>Turn</strong></span> <span class='ocrx_word' id='word_1_6' title='bbox 641 855 733 929; x_wconf 85' lang='lat' dir='ltr'><strong>pater</strong></span> <span class='ocrx_word' id='word_1_7' title='bbox 747 849 951 933; x_wconf 89' lang='lat' dir='ltr'><strong>omnipotens</strong></span> <span class='ocrx_word' id='word_1_8' title='bbox 966 849 1089 917; x_wconf 82' lang='lat' dir='ltr'><strong>devotae</strong></span> <span class='ocrx_word' id='word_1_9' title='bbox 1104 854 1233 937; x_wconf 88' lang='lat' dir='ltr'><strong>virginis</strong></span> <span class='ocrx_word' id='word_1_10' title='bbox 1248 855 1339 934; x_wconf 84' lang='lat' dir='ltr'><strong>altor,</strong></span> 
     </span>
     <span class='ocr_line' id='line_1_4' title="bbox 543 947 1232 1034; baseline 0.015 -25"><span class='ocrx_word' id='word_1_11' title='bbox 543 947 683 1010; x_wconf 84' lang='lat' dir='ltr'><strong>Arcibua</strong></span> <span class='ocrx_word' id='word_1_12' title='bbox 696 947 845 1012; x_wconf 70' lang='lat' dir='ltr'><strong>ethereis</strong></span> <span class='ocrx_word' id='word_1_13' title='bbox 860 949 978 1015; x_wconf 84' lang='lat' dir='ltr'><strong>defixit</strong></span> <span class='ocrx_word' id='word_1_14' title='bbox 991 953 1116 1018; x_wconf 85' lang='lat' dir='ltr'><strong>lumina</strong></span> <span class='ocrx_word' id='word_1_15' title='bbox 1129 956 1232 1034; x_wconf 86' lang='lat' dir='ltr'><strong>terris,</strong></span> 
     </span>
     <span class='ocr_line' id='line_1_5' title="bbox 543 1046 1412 1137; baseline 0.008 -28"><span class='ocrx_word' id='word_1_16' title='bbox 543 1046 731 1111; x_wconf 88' lang='lat' dir='ltr'><strong>Femineum</strong></span> <span class='ocrx_word' id='word_1_17' title='bbox 745 1046 864 1112; x_wconf 89' lang='lat' dir='ltr'><strong>indolis</strong></span> <span class='ocrx_word' id='word_1_18' title='bbox 879 1050 1024 1132; x_wconf 88' lang='lat' dir='ltr'><strong>gaudens</strong></span> <span class='ocrx_word' id='word_1_19' title='bbox 1040 1063 1186 1136; x_wconf 85' lang='lat' dir='ltr'><strong>spectare</strong></span> <span class='ocrx_word' id='word_1_20' title='bbox 1202 1054 1412 1137; x_wconf 89' lang='lat' dir='ltr'><strong>triumphum,</strong></span> 
     </span>
     <span class='ocr_line' id='line_1_6' title="bbox 539 1146 1367 1236; baseline 0.01 -27"><span class='ocrx_word' id='word_1_21' title='bbox 539 1146 622 1211; x_wconf 87' lang='lat' dir='ltr'><strong>Mox</strong></span> <span class='ocrx_word' id='word_1_22' title='bbox 637 1146 727 1212; x_wconf 89' lang='lat' dir='ltr'><strong>dedit</strong></span> <span class='ocrx_word' id='word_1_23' title='bbox 739 1148 895 1214; x_wconf 89' lang='lat' dir='ltr'><strong>auxilium</strong></span> <span class='ocrx_word' id='word_1_24' title='bbox 910 1150 1052 1215; x_wconf 89' lang='lat' dir='ltr'><strong>clemens</strong></span> <span class='ocrx_word' id='word_1_25' title='bbox 1067 1151 1192 1218; x_wconf 79' lang='lat' dir='ltr'>auditor</span> <span class='ocrx_word' id='word_1_26' title='bbox 1206 1165 1367 1236; x_wconf 79' lang='lat' dir='ltr'><strong>egentum,</strong></span> 
     </span>
     <span class='ocr_line' id='line_1_7' title="bbox 539 1247 1315 1335; baseline 0.006 -23"><span class='ocrx_word' id='word_1_27' title='bbox 539 1247 663 1313; x_wconf 85' lang='lat' dir='ltr'><strong>Fortior</strong></span> <span class='ocrx_word' id='word_1_28' title='bbox 676 1260 713 1312; x_wconf 91' lang='lat' dir='ltr'><strong>ut</strong></span> <span class='ocrx_word' id='word_1_29' title='bbox 726 1247 819 1314; x_wconf 82' lang='lat' dir='ltr'><strong>fieret</strong></span> <span class='ocrx_word' id='word_1_30' title='bbox 833 1251 967 1315; x_wconf 76' lang='lat' dir='ltr'>truciter</span> <span class='ocrx_word' id='word_1_31' title='bbox 981 1254 1203 1335; x_wconf 75' lang='lat' dir='ltr'>torquentibus</span> <span class='ocrx_word' id='word_1_32' title='bbox 1216 1255 1315 1320; x_wconf 85' lang='lat' dir='ltr'><strong>illam.</strong></span> 
     </span>
     <span class='ocr_line' id='line_1_8' title="bbox 538 1347 1348 1436; baseline 0.009 -24"><span class='ocrx_word' id='word_1_33' title='bbox 538 1347 703 1414; x_wconf 75' lang='lat' dir='ltr'><strong>Posthac</strong></span> <span class='ocrx_word' id='word_1_34' title='bbox 717 1349 858 1434; x_wconf 81' lang='lat' dir='ltr'><strong>martyrii</strong></span> <span class='ocrx_word' id='word_1_35' title='bbox 871 1361 1030 1416; x_wconf 89' lang='lat' dir='ltr'><strong>mercatur</strong></span> <span class='ocrx_word' id='word_1_36' title='bbox 1047 1354 1203 1436; x_wconf 88' lang='lat' dir='ltr'><strong>sanguine</strong></span> <span class='ocrx_word' id='word_1_37' title='bbox 1218 1365 1348 1430; x_wconf 90' lang='lat' dir='ltr'><strong>sertum,</strong></span> 
     </span>
     <span class='ocr_line' id='line_1_9' title="bbox 540 1449 1294 1534; baseline 0.004 -21"><span class='ocrx_word' id='word_1_38' title='bbox 540 1449 716 1534; x_wconf 70' lang='lat' dir='ltr'><strong>Perpetuus</strong></span> <span class='ocrx_word' id='word_1_39' title='bbox 729 1451 821 1533; x_wconf 89' lang='lat' dir='ltr'><strong>regni</strong></span> <span class='ocrx_word' id='word_1_40' title='bbox 835 1472 965 1516; x_wconf 90' lang='lat' dir='ltr'><strong>sumens</strong></span> <span class='ocrx_word' id='word_1_41' title='bbox 980 1473 1023 1516; x_wconf 84' lang='lat' dir='ltr'><strong>ex</strong></span> <span class='ocrx_word' id='word_1_42' title='bbox 1038 1473 1133 1518; x_wconf 88' lang='lat' dir='ltr'><strong>carne</strong></span> <span class='ocrx_word' id='word_1_43' title='bbox 1148 1474 1294 1522; x_wconf 84' lang='lat' dir='ltr'><strong>coronas.</strong></span> 
     </span>
     <span class='ocr_line' id='line_1_10' title="bbox 539 1551 1433 1638; baseline 0.006 -24"><span class='ocrx_word' id='word_1_44' title='bbox 539 1551 687 1636; x_wconf 87' lang='lat' dir='ltr'><strong>Denique</strong></span> <span class='ocrx_word' id='word_1_45' title='bbox 700 1562 777 1637; x_wconf 89' lang='lat' dir='ltr'><strong>post</strong></span> <span class='ocrx_word' id='word_1_46' title='bbox 790 1551 924 1630; x_wconf 87' lang='lat' dir='ltr'><strong>obitum,</strong></span> <span class='ocrx_word' id='word_1_47' title='bbox 938 1553 1101 1636; x_wconf 88' lang='lat' dir='ltr'><strong>signorum</strong></span> <span class='ocrx_word' id='word_1_48' title='bbox 1115 1576 1183 1618; x_wconf 93' lang='lat' dir='ltr'><strong>non</strong></span> <span class='ocrx_word' id='word_1_49' title='bbox 1197 1566 1291 1622; x_wconf 85' lang='lat' dir='ltr'><strong>vacat</strong></span> <span class='ocrx_word' id='word_1_50' title='bbox 1304 1575 1433 1638; x_wconf 86' lang='lat' dir='ltr'><strong>expers,</strong></span> 
     </span>
     <span class='ocr_line' id='line_1_11' title="bbox 539 1651 1360 1740; baseline 0.007 -28"><span class='ocrx_word' id='word_1_51' title='bbox 539 1651 724 1723; x_wconf 74' lang='lat' dir='ltr'><strong>Quamlibet</strong></span> <span class='ocrx_word' id='word_1_52' title='bbox 738 1651 773 1714; x_wconf 91' lang='lat' dir='ltr'><strong>in</strong></span> <span class='ocrx_word' id='word_1_53' title='bbox 789 1653 901 1716; x_wconf 88' lang='lat' dir='ltr'><strong>tumba</strong></span> <span class='ocrx_word' id='word_1_54' title='bbox 914 1664 1088 1736; x_wconf 79' lang='lat' dir='ltr'><strong>pausarent</strong></span> <span class='ocrx_word' id='word_1_55' title='bbox 1101 1677 1175 1720; x_wconf 89' lang='lat' dir='ltr'><strong>ossa</strong></span> <span class='ocrx_word' id='word_1_56' title='bbox 1188 1655 1360 1740; x_wconf 73' lang='lat' dir='ltr'><strong>sepulchri,</strong></span> 
     </span>
     <span class='ocr_line' id='line_1_12' title="bbox 538 1751 1254 1836; baseline 0.006 -22"><span class='ocrx_word' id='word_1_57' title='bbox 538 1751 584 1814; x_wconf 88' lang='lat' dir='ltr'><strong>Et</strong></span> <span class='ocrx_word' id='word_1_58' title='bbox 597 1771 687 1815; x_wconf 85' lang='lat' dir='ltr'><strong>sacer</strong></span> <span class='ocrx_word' id='word_1_59' title='bbox 700 1751 843 1815; x_wconf 88' lang='lat' dir='ltr'><strong>astrifera</strong></span> <span class='ocrx_word' id='word_1_60' title='bbox 857 1752 1010 1834; x_wconf 80' lang='lat' dir='ltr'><strong>gauderet</strong></span> <span class='ocrx_word' id='word_1_61' title='bbox 1024 1753 1153 1836; x_wconf 89' lang='lat' dir='ltr'><strong>spiritus</strong></span> <span class='ocrx_word' id='word_1_62' title='bbox 1168 1776 1254 1820; x_wconf 86' lang='lat' dir='ltr'><strong>aree.</strong></span> 
     </span>
     <span class='ocr_line' id='line_1_13' title="bbox 537 1851 1405 1937; baseline 0.005 -23"><span class='ocrx_word' id='word_1_63' title='bbox 537 1851 696 1936; x_wconf 87' lang='lat' dir='ltr'><strong>Tempore</strong></span> <span class='ocrx_word' id='word_1_64' title='bbox 709 1873 784 1916; x_wconf 87' lang='lat' dir='ltr'><strong>nam</strong></span> <span class='ocrx_word' id='word_1_65' title='bbox 800 1851 941 1935; x_wconf 89' lang='lat' dir='ltr'><strong>quodam</strong></span> <span class='ocrx_word' id='word_1_66' title='bbox 956 1854 1138 1918; x_wconf 79' lang='lat' dir='ltr'><strong>fervescens</strong></span> <span class='ocrx_word' id='word_1_67' title='bbox 1152 1854 1281 1937; x_wconf 78' lang='lat' dir='ltr'><strong>ignibus</strong></span> <span class='ocrx_word' id='word_1_68' title='bbox 1296 1855 1405 1933; x_wconf 58' lang='lat' dir='ltr'><strong>Estne,</strong></span> 
     </span>
     <span class='ocr_line' id='line_1_14' title="bbox 537 1953 1338 2040; baseline 0.004 -23"><span class='ocrx_word' id='word_1_69' title='bbox 537 1953 672 2018; x_wconf 86' lang='lat' dir='ltr'><strong>Torrida</strong></span> <span class='ocrx_word' id='word_1_70' title='bbox 685 1954 908 2018; x_wconf 78' lang='lat' dir='ltr'><strong>flammivomis</strong></span> <span class='ocrx_word' id='word_1_71' title='bbox 922 1954 1071 2020; x_wconf 87' lang='lat' dir='ltr'><strong>trudebat</strong></span> <span class='ocrx_word' id='word_1_72' title='bbox 1085 1957 1239 2040; x_wconf 88' lang='lat' dir='ltr'><strong>sulphura</strong></span> <span class='ocrx_word' id='word_1_73' title='bbox 1252 1957 1338 2034; x_wconf 81' lang='lat' dir='ltr'><strong>rivis,</strong></span> 
     </span>
     <span class='ocr_line' id='line_1_15' title="bbox 535 2054 1442 2140; baseline 0.002 -22"><span class='ocrx_word' id='word_1_74' title='bbox 535 2055 630 2118; x_wconf 78' lang='lat' dir='ltr'><strong>&#39;lirnc</strong></span> <span class='ocrx_word' id='word_1_75' title='bbox 645 2054 709 2117; x_wconf 87' lang='lat' dir='ltr'><strong>ruit</strong></span> <span class='ocrx_word' id='word_1_76' title='bbox 721 2055 757 2117; x_wconf 90' lang='lat' dir='ltr'><strong>in</strong></span> <span class='ocrx_word' id='word_1_77' title='bbox 772 2075 918 2139; x_wconf 75' lang='lat' dir='ltr'><strong>preceps</strong></span> <span class='ocrx_word' id='word_1_78' title='bbox 932 2057 1082 2120; x_wconf 86' lang='lat' dir='ltr'><strong>ambusta</strong></span> <span class='ocrx_word' id='word_1_79' title='bbox 1095 2056 1264 2126; x_wconf 85' lang='lat' dir='ltr'><strong>cacumina</strong></span> <span class='ocrx_word' id='word_1_80' title='bbox 1277 2057 1442 2140; x_wconf 89' lang='lat' dir='ltr'><strong>linquens,</strong></span> 
     </span>
     <span class='ocr_line' id='line_1_16' title="bbox 536 2154 1413 2240; baseline 0.001 -21"><span class='ocrx_word' id='word_1_81' title='bbox 536 2154 712 2236; x_wconf 77' lang='lat' dir='ltr'><strong>congeries</strong></span> <span class='ocrx_word' id='word_1_82' title='bbox 725 2154 882 2238; x_wconf 87' lang='lat' dir='ltr'><strong>lapidum,</strong></span> <span class='ocrx_word' id='word_1_83' title='bbox 895 2154 1133 2240; x_wconf 79' lang='lat' dir='ltr'><strong>liquefactaque</strong></span> <span class='ocrx_word' id='word_1_84' title='bbox 1148 2157 1271 2221; x_wconf 78' lang='lat' dir='ltr'><strong>viscera</strong></span> <span class='ocrx_word' id='word_1_85' title='bbox 1285 2157 1413 2235; x_wconf 84' lang='lat' dir='ltr'><strong>montis,</strong></span> 
     </span>
     <span class='ocr_line' id='line_1_17' title="bbox 535 2253 1411 2335; baseline 0.001 -16"><span class='ocrx_word' id='word_1_86' title='bbox 535 2255 621 2319; x_wconf 74' lang='lat' dir='ltr'><strong>&#39;l&#39;run</strong></span> <span class='ocrx_word' id='word_1_87' title='bbox 635 2253 766 2318; x_wconf 85' lang='lat' dir='ltr'><strong>Siculus</strong></span> <span class='ocrx_word' id='word_1_88' title='bbox 780 2256 886 2319; x_wconf 88' lang='lat' dir='ltr'><strong>cultor</strong></span> <span class='ocrx_word' id='word_1_89' title='bbox 898 2256 1099 2320; x_wconf 85' lang='lat' dir='ltr'><strong>flammarum</strong></span> <span class='ocrx_word' id='word_1_90' title='bbox 1114 2256 1251 2320; x_wconf 89' lang='lat' dir='ltr'><strong>fulmina</strong></span> <span class='ocrx_word' id='word_1_91' title='bbox 1265 2277 1411 2335; x_wconf 88' lang='lat' dir='ltr'><strong>cernens,</strong></span> 
     </span>
     <span class='ocr_line' id='line_1_18' title="bbox 535 2356 1405 2440; baseline 0.001 -21"><span class='ocrx_word' id='word_1_92' title='bbox 535 2356 671 2439; x_wconf 77' lang='lat' dir='ltr'><strong>Ignibus</strong></span> <span class='ocrx_word' id='word_1_93' title='bbox 685 2356 838 2440; x_wconf 87' lang='lat' dir='ltr'><strong>opposuit</strong></span> <span class='ocrx_word' id='word_1_94' title='bbox 851 2367 994 2420; x_wconf 86' lang='lat' dir='ltr'><strong>sanctam</strong></span> <span class='ocrx_word' id='word_1_95' title='bbox 1010 2377 1084 2419; x_wconf 89' lang='lat' dir='ltr'><strong>cum</strong></span> <span class='ocrx_word' id='word_1_96' title='bbox 1100 2377 1235 2440; x_wconf 90' lang='lat' dir='ltr'><strong>corpore</strong></span> <span class='ocrx_word' id='word_1_97' title='bbox 1249 2359 1405 2434; x_wconf 90' lang='lat' dir='ltr'><strong>tumbam,</strong></span> 
     </span>
     <span class='ocr_line' id='line_1_19' title="bbox 533 2455 1230 2540; baseline -0.001 -19"><span class='ocrx_word' id='word_1_98' title='bbox 533 2457 579 2521; x_wconf 87' lang='lat' dir='ltr'><strong>Et</strong></span> <span class='ocrx_word' id='word_1_99' title='bbox 593 2456 682 2521; x_wconf 89' lang='lat' dir='ltr'><strong>dicto</strong></span> <span class='ocrx_word' id='word_1_100' title='bbox 696 2456 792 2521; x_wconf 89' lang='lat' dir='ltr'><strong>citius</strong></span> <span class='ocrx_word' id='word_1_101' title='bbox 806 2455 925 2540; x_wconf 81' lang='lat' dir='ltr'><strong>sopivit</strong></span> <span class='ocrx_word' id='word_1_102' title='bbox 939 2455 1056 2520; x_wconf 88' lang='lat' dir='ltr'><strong>damna</strong></span> <span class='ocrx_word' id='word_1_103' title='bbox 1070 2457 1230 2520; x_wconf 88' lang='lat' dir='ltr'><strong>focorum:</strong></span> 
     </span>
     <span class='ocr_line' id='line_1_20' title="bbox 531 2556 1268 2623; baseline -0.003 -1"><span class='ocrx_word' id='word_1_104' title='bbox 531 2556 629 2623; x_wconf 91' lang='lat' dir='ltr'><strong>Unde</strong></span> <span class='ocrx_word' id='word_1_105' title='bbox 643 2557 818 2620; x_wconf 79' lang='lat' dir='ltr'><strong>Trinacria</strong></span> <span class='ocrx_word' id='word_1_106' title='bbox 832 2558 930 2621; x_wconf 84' lang='lat' dir='ltr'><strong>tellus</strong></span> <span class='ocrx_word' id='word_1_107' title='bbox 945 2559 1090 2622; x_wconf 84' lang='lat' dir='ltr'><strong>excultat</strong></span> <span class='ocrx_word' id='word_1_108' title='bbox 1103 2557 1137 2620; x_wconf 92' lang='lat' dir='ltr'><strong>in</strong></span> <span class='ocrx_word' id='word_1_109' title='bbox 1153 2578 1268 2621; x_wconf 76' lang='lat' dir='ltr'><strong>mrum.</strong></span> 
     </span>
    </p>

    <p class='ocr_par' dir='ltr' id='par_1_4' title="bbox 523 2655 1439 4547">
     <span class='ocr_line' id='line_1_21' title="bbox 575 2655 1439 2742; baseline -0.003 -19"><span class='ocrx_word' id='word_1_110' title='bbox 575 2657 660 2723; x_wconf 87' lang='lat' dir='ltr'><strong>Cum</strong></span> <span class='ocrx_word' id='word_1_111' title='bbox 674 2657 783 2723; x_wconf 87' lang='lat' dir='ltr'><strong>stolidi</strong></span> <span class='ocrx_word' id='word_1_112' title='bbox 796 2675 954 2742; x_wconf 85' lang='lat' dir='ltr'><strong>proceres,</strong></span> <span class='ocrx_word' id='word_1_113' title='bbox 971 2657 1027 2742; x_wconf 91' lang='lat' dir='ltr'><strong>qui</strong></span> <span class='ocrx_word' id='word_1_114' title='bbox 1038 2655 1151 2721; x_wconf 90' lang='lat' dir='ltr'><strong>mundi</strong></span> <span class='ocrx_word' id='word_1_115' title='bbox 1164 2678 1262 2741; x_wconf 88' lang='lat' dir='ltr'><strong>regna</strong></span> <span class='ocrx_word' id='word_1_116' title='bbox 1274 2657 1439 2740; x_wconf 85' lang='lat' dir='ltr'><strong>regebant,</strong></span> 
     </span>
     <span class='ocr_line' id='line_1_22' title="bbox 532 2758 1298 2842; baseline 0 -20"><span class='ocrx_word' id='word_1_117' title='bbox 532 2759 692 2842; x_wconf 84' lang='lat' dir='ltr'><strong>Martyres</strong></span> <span class='ocrx_word' id='word_1_118' title='bbox 705 2758 862 2823; x_wconf 89' lang='lat' dir='ltr'><strong>immerito</strong></span> <span class='ocrx_word' id='word_1_119' title='bbox 877 2759 1011 2823; x_wconf 85' lang='lat' dir='ltr'><strong>multata</strong></span> <span class='ocrx_word' id='word_1_120' title='bbox 1026 2778 1121 2822; x_wconf 88' lang='lat' dir='ltr'><strong>carne</strong></span> <span class='ocrx_word' id='word_1_121' title='bbox 1134 2769 1298 2836; x_wconf 81' lang='lat' dir='ltr'><strong>necarent,</strong></span> 
     </span>
     <span class='ocr_line' id='line_1_23' title="bbox 532 2857 1333 2943; baseline -0.005 -18"><span class='ocrx_word' id='word_1_122' title='bbox 532 2860 598 2925; x_wconf 90' lang='lat' dir='ltr'><strong>Seu</strong></span> <span class='ocrx_word' id='word_1_123' title='bbox 612 2860 721 2943; x_wconf 85' lang='lat' dir='ltr'><strong>potius</strong></span> <span class='ocrx_word' id='word_1_124' title='bbox 734 2859 807 2923; x_wconf 71' lang='lat' dir='ltr'><strong>fisso</strong></span> <span class='ocrx_word' id='word_1_125' title='bbox 822 2857 1011 2924; x_wconf 87' lang='lat' dir='ltr'><strong>decorarent</strong></span> <span class='ocrx_word' id='word_1_126' title='bbox 1024 2859 1179 2940; x_wconf 87' lang='lat' dir='ltr'><strong>sanguine</strong></span> <span class='ocrx_word' id='word_1_127' title='bbox 1194 2866 1333 2923; x_wconf 87' lang='lat' dir='ltr'><strong>sanctos.</strong></span> 
     </span>
     <span class='ocr_line' id='line_1_24' title="bbox 531 2958 1260 3051; baseline -0.003 -27"><span class='ocrx_word' id='word_1_128' title='bbox 531 2960 685 3025; x_wconf 86' lang='lat' dir='ltr'><strong>Passuros</strong></span> <span class='ocrx_word' id='word_1_129' title='bbox 697 2959 883 3051; x_wconf 77' lang='lat' dir='ltr'><strong>interfuerat</strong></span> <span class='ocrx_word' id='word_1_130' title='bbox 896 2960 1085 3043; x_wconf 83' lang='lat' dir='ltr'><strong>virguncula</strong></span> <span class='ocrx_word' id='word_1_131' title='bbox 1100 2958 1260 3043; x_wconf 74' lang='lat' dir='ltr'><strong>quadam,</strong></span> 
     </span>
     <span class='ocr_line' id='line_1_25' title="bbox 527 3058 1368 3146; baseline -0.004 -21"><span class='ocrx_word' id='word_1_132' title='bbox 527 3060 640 3139; x_wconf 90' lang='lat' dir='ltr'><strong>Lucia,</strong></span> <span class='ocrx_word' id='word_1_133' title='bbox 654 3081 728 3146; x_wconf 81' lang='lat' dir='ltr'><strong>quae</strong></span> <span class='ocrx_word' id='word_1_134' title='bbox 742 3060 917 3123; x_wconf 92' lang='lat' dir='ltr'><strong>Dominum</strong></span> <span class='ocrx_word' id='word_1_135' title='bbox 932 3059 1055 3124; x_wconf 85' lang='lat' dir='ltr'><strong>delexit</strong></span> <span class='ocrx_word' id='word_1_136' title='bbox 1069 3058 1181 3123; x_wconf 89' lang='lat' dir='ltr'><strong>sedula</strong></span> <span class='ocrx_word' id='word_1_137' title='bbox 1195 3059 1368 3131; x_wconf 85' lang='lat' dir='ltr'><strong>Christum,</strong></span> 
     </span>
     <span class='ocr_line' id='line_1_26' title="bbox 529 3160 1374 3245; baseline -0.004 -20"><span class='ocrx_word' id='word_1_138' title='bbox 529 3162 635 3234; x_wconf 84' lang='lat' dir='ltr'><strong>Quam</strong></span> <span class='ocrx_word' id='word_1_139' title='bbox 649 3160 691 3225; x_wconf 90' lang='lat' dir='ltr'><strong>de</strong></span> <span class='ocrx_word' id='word_1_140' title='bbox 706 3162 804 3245; x_wconf 88' lang='lat' dir='ltr'><strong>stirpe</strong></span> <span class='ocrx_word' id='word_1_141' title='bbox 817 3162 915 3239; x_wconf 88' lang='lat' dir='ltr'><strong>bona,</strong></span> <span class='ocrx_word' id='word_1_142' title='bbox 927 3170 961 3225; x_wconf 89' lang='lat' dir='ltr'><strong>et</strong></span> <span class='ocrx_word' id='word_1_143' title='bbox 975 3160 1069 3224; x_wconf 89' lang='lat' dir='ltr'><strong>claris</strong></span> <span class='ocrx_word' id='word_1_144' title='bbox 1083 3160 1245 3224; x_wconf 86' lang='lat' dir='ltr'><strong>natalibus</strong></span> <span class='ocrx_word' id='word_1_145' title='bbox 1260 3168 1374 3237; x_wconf 86' lang='lat' dir='ltr'><strong>ortam,</strong></span> 
     </span>
     <span class='ocr_line' id='line_1_27' title="bbox 527 3259 1317 3347; baseline -0.005 -22"><span class='ocrx_word' id='word_1_146' title='bbox 527 3261 685 3325; x_wconf 90' lang='lat' dir='ltr'><strong>Nonnulli</strong></span> <span class='ocrx_word' id='word_1_147' title='bbox 694 3261 832 3347; x_wconf 85' lang='lat' dir='ltr'><strong>juvenes</strong></span> <span class='ocrx_word' id='word_1_148' title='bbox 844 3260 994 3325; x_wconf 85' lang='lat' dir='ltr'><strong>thalamis</strong></span> <span class='ocrx_word' id='word_1_149' title='bbox 1007 3259 1182 3325; x_wconf 87' lang='lat' dir='ltr'><strong>adscisoier</strong></span> <span class='ocrx_word' id='word_1_150' title='bbox 1195 3268 1317 3345; x_wconf 89' lang='lat' dir='ltr'><strong>optant.</strong></span> 
     </span>
     <span class='ocr_line' id='line_1_28' title="bbox 528 3360 1257 3445; baseline -0.007 -19"><span class='ocrx_word' id='word_1_151' title='bbox 528 3360 595 3426; x_wconf 82' lang='lat' dir='ltr'><strong>Sed</strong></span> <span class='ocrx_word' id='word_1_152' title='bbox 610 3369 733 3426; x_wconf 89' lang='lat' dir='ltr'><strong>sacrata</strong></span> <span class='ocrx_word' id='word_1_153' title='bbox 747 3362 820 3426; x_wconf 88' lang='lat' dir='ltr'><strong>Deo</strong></span> <span class='ocrx_word' id='word_1_154' title='bbox 834 3360 940 3425; x_wconf 83' lang='lat' dir='ltr'><strong>fredus</strong></span> <span class='ocrx_word' id='word_1_155' title='bbox 954 3362 1103 3445; x_wconf 89' lang='lat' dir='ltr'><strong>sponsale</strong></span> <span class='ocrx_word' id='word_1_156' title='bbox 1118 3360 1257 3444; x_wconf 77' lang='lat' dir='ltr'><strong>reliquit,</strong></span> 
     </span>
     <span class='ocr_line' id='line_1_29' title="bbox 528 3460 1255 3545; baseline -0.006 -18"><span class='ocrx_word' id='word_1_157' title='bbox 528 3464 637 3527; x_wconf 90' lang='lat' dir='ltr'><strong>Mores</strong></span> <span class='ocrx_word' id='word_1_158' title='bbox 651 3463 693 3526; x_wconf 93' lang='lat' dir='ltr'><strong>ob</strong></span> <span class='ocrx_word' id='word_1_159' title='bbox 709 3474 826 3540; x_wconf 86' lang='lat' dir='ltr'><strong>castos,</strong></span> <span class='ocrx_word' id='word_1_160' title='bbox 841 3470 874 3527; x_wconf 93' lang='lat' dir='ltr'><strong>et</strong></span> <span class='ocrx_word' id='word_1_161' title='bbox 887 3462 964 3527; x_wconf 85' lang='lat' dir='ltr'><strong>coeli</strong></span> <span class='ocrx_word' id='word_1_162' title='bbox 978 3482 1078 3545; x_wconf 85' lang='lat' dir='ltr'><strong>regna</strong></span> <span class='ocrx_word' id='word_1_163' title='bbox 1091 3460 1255 3525; x_wconf 85' lang='lat' dir='ltr'><strong>lucranda</strong></span> 
     </span>
     <span class='ocr_line' id='line_1_30' title="bbox 526 3564 1353 3645; baseline -0.006 -16"><span class='ocrx_word' id='word_1_164' title='bbox 526 3564 612 3629; x_wconf 74' lang='lat' dir='ltr'><strong>Haec</strong></span> <span class='ocrx_word' id='word_1_165' title='bbox 628 3573 761 3628; x_wconf 86' lang='lat' dir='ltr'><strong>matrem</strong></span> <span class='ocrx_word' id='word_1_166' title='bbox 775 3564 900 3627; x_wconf 91' lang='lat' dir='ltr'><strong>monuit</strong></span> <span class='ocrx_word' id='word_1_167' title='bbox 913 3564 1031 3628; x_wconf 86' lang='lat' dir='ltr'><strong>fessam</strong></span> <span class='ocrx_word' id='word_1_168' title='bbox 1044 3564 1196 3645; x_wconf 87' lang='lat' dir='ltr'><strong>languore</strong></span> <span class='ocrx_word' id='word_1_169' title='bbox 1212 3572 1353 3641; x_wconf 89' lang='lat' dir='ltr'><strong>cruento,</strong></span> 
     </span>
     <span class='ocr_line' id='line_1_31' title="bbox 526 3661 1392 3748; baseline -0.007 -17"><span class='ocrx_word' id='word_1_170' title='bbox 526 3666 688 3748; x_wconf 88' lang='lat' dir='ltr'><strong>Tangeret</strong></span> <span class='ocrx_word' id='word_1_171' title='bbox 700 3675 737 3728; x_wconf 94' lang='lat' dir='ltr'><strong>ut</strong></span> <span class='ocrx_word' id='word_1_172' title='bbox 750 3665 905 3744; x_wconf 89' lang='lat' dir='ltr'><strong>tumbam,</strong></span> <span class='ocrx_word' id='word_1_173' title='bbox 917 3684 984 3746; x_wconf 91' lang='lat' dir='ltr'><strong>qua</strong></span> <span class='ocrx_word' id='word_1_174' title='bbox 998 3664 1139 3727; x_wconf 87' lang='lat' dir='ltr'><strong>clansam</strong></span> <span class='ocrx_word' id='word_1_175' title='bbox 1155 3661 1286 3745; x_wconf 78' lang='lat' dir='ltr'><strong>virginis</strong></span> <span class='ocrx_word' id='word_1_176' title='bbox 1301 3663 1392 3726; x_wconf 77' lang='lat' dir='ltr'><strong>alma</strong></span> 
     </span>
     <span class='ocr_line' id='line_1_32' title="bbox 527 3760 1279 3847; baseline -0.009 -17"><span class='ocrx_word' id='word_1_177' title='bbox 527 3764 663 3847; x_wconf 73' lang='lat' dir='ltr'><strong>Agatha</strong></span> <span class='ocrx_word' id='word_1_178' title='bbox 678 3782 797 3846; x_wconf 87' lang='lat' dir='ltr'><strong>eorpus</strong></span> <span class='ocrx_word' id='word_1_179' title='bbox 810 3760 940 3843; x_wconf 87' lang='lat' dir='ltr'><strong>placida</strong></span> <span class='ocrx_word' id='word_1_180' title='bbox 955 3761 1016 3824; x_wconf 88' lang='lat' dir='ltr'><strong>sub</strong></span> <span class='ocrx_word' id='word_1_181' title='bbox 1030 3768 1132 3823; x_wconf 88' lang='lat' dir='ltr'><strong>morte</strong></span> <span class='ocrx_word' id='word_1_182' title='bbox 1148 3760 1279 3843; x_wconf 87' lang='lat' dir='ltr'><strong>quievit,</strong></span> 
     </span>
     <span class='ocr_line' id='line_1_33' title="bbox 527 3860 1287 3944; baseline -0.008 -15"><span class='ocrx_word' id='word_1_183' title='bbox 527 3864 662 3929; x_wconf 86' lang='lat' dir='ltr'><strong>Femina</strong></span> <span class='ocrx_word' id='word_1_184' title='bbox 674 3884 736 3927; x_wconf 91' lang='lat' dir='ltr'><strong>ceu</strong></span> <span class='ocrx_word' id='word_1_185' title='bbox 749 3860 913 3944; x_wconf 90' lang='lat' dir='ltr'><strong>quondam</strong></span> <span class='ocrx_word' id='word_1_186' title='bbox 928 3863 1021 3925; x_wconf 83' lang='lat' dir='ltr'><strong>fluxu</strong></span> <span class='ocrx_word' id='word_1_187' title='bbox 1035 3870 1151 3925; x_wconf 87' lang='lat' dir='ltr'><strong>vexata</strong></span> <span class='ocrx_word' id='word_1_188' title='bbox 1164 3860 1287 3924; x_wconf 88' lang='lat' dir='ltr'><strong>cruoris</strong></span> 
     </span>
     <span class='ocr_line' id='line_1_34' title="bbox 526 3958 1330 4045; baseline -0.01 -15"><span class='ocrx_word' id='word_1_189' title='bbox 526 3965 664 4031; x_wconf 76' lang='lat' dir='ltr'><strong>Occulta</strong></span> <span class='ocrx_word' id='word_1_190' title='bbox 678 3962 843 4029; x_wconf 79' lang='lat' dir='ltr'><strong>Christum</strong></span> <span class='ocrx_word' id='word_1_191' title='bbox 858 3961 975 4043; x_wconf 84' lang='lat' dir='ltr'><strong>tetigit,</strong></span> <span class='ocrx_word' id='word_1_192' title='bbox 989 3980 1088 4045; x_wconf 89' lang='lat' dir='ltr'><strong>quam</strong></span> <span class='ocrx_word' id='word_1_193' title='bbox 1101 3958 1227 4024; x_wconf 89' lang='lat' dir='ltr'><strong>fimbria</strong></span> <span class='ocrx_word' id='word_1_194' title='bbox 1240 3960 1330 4043; x_wconf 90' lang='lat' dir='ltr'><strong>pepli</strong></span> 
     </span>
     <span class='ocr_line' id='line_1_35' title="bbox 526 4060 1313 4140; baseline -0.013 -8"><span class='ocrx_word' id='word_1_195' title='bbox 526 4065 660 4132; x_wconf 83' lang='lat' dir='ltr'><strong>Curavit</strong></span> <span class='ocrx_word' id='word_1_196' title='bbox 673 4062 849 4140; x_wconf 88' lang='lat' dir='ltr'><strong>medicans,</strong></span> <span class='ocrx_word' id='word_1_197' title='bbox 864 4061 995 4125; x_wconf 90' lang='lat' dir='ltr'><strong>domino</strong></span> <span class='ocrx_word' id='word_1_198' title='bbox 1010 4060 1151 4125; x_wconf 89' lang='lat' dir='ltr'><strong>donante</strong></span> <span class='ocrx_word' id='word_1_199' title='bbox 1166 4060 1313 4124; x_wconf 83' lang='lat' dir='ltr'><strong>salutem.</strong></span> 
     </span>
     <span class='ocr_line' id='line_1_36' title="bbox 525 4160 1279 4247; baseline -0.012 -16"><span class='ocrx_word' id='word_1_200' title='bbox 525 4166 582 4231; x_wconf 89' lang='lat' dir='ltr'><strong>Sic</strong></span> <span class='ocrx_word' id='word_1_201' title='bbox 595 4165 693 4247; x_wconf 88' lang='lat' dir='ltr'><strong>igitur</strong></span> <span class='ocrx_word' id='word_1_202' title='bbox 706 4162 846 4247; x_wconf 82' lang='lat' dir='ltr'><strong>genitrix</strong></span> <span class='ocrx_word' id='word_1_203' title='bbox 861 4172 974 4225; x_wconf 86' lang='lat' dir='ltr'><strong>sancta</strong></span> <span class='ocrx_word' id='word_1_204' title='bbox 987 4161 1102 4224; x_wconf 86' lang='lat' dir='ltr'><strong>virtute</strong></span> <span class='ocrx_word' id='word_1_205' title='bbox 1118 4160 1279 4244; x_wconf 85' lang='lat' dir='ltr'><strong>sepulchri</strong></span> 
     </span>
     <span class='ocr_line' id='line_1_37' title="bbox 523 4258 1304 4346; baseline -0.013 -15"><span class='ocrx_word' id='word_1_206' title='bbox 523 4264 708 4332; x_wconf 78' lang='lat' dir='ltr'><strong>claudebat</strong></span> <span class='ocrx_word' id='word_1_207' title='bbox 721 4262 848 4346; x_wconf 87' lang='lat' dir='ltr'><strong>patulas</strong></span> <span class='ocrx_word' id='word_1_208' title='bbox 863 4262 1027 4345; x_wconf 85' lang='lat' dir='ltr'><strong>extemplo</strong></span> <span class='ocrx_word' id='word_1_209' title='bbox 1042 4259 1176 4324; x_wconf 91' lang='lat' dir='ltr'><strong>credula</strong></span> <span class='ocrx_word' id='word_1_210' title='bbox 1190 4258 1304 4322; x_wconf 83' lang='lat' dir='ltr'><strong>fibras:</strong></span> 
     </span>
     <span class='ocr_line' id='line_1_38' title="bbox 527 4359 1283 4449; baseline -0.016 -17"><span class='ocrx_word' id='word_1_211' title='bbox 527 4370 575 4434; x_wconf 90' lang='lat' dir='ltr'><strong>Ut</strong></span> <span class='ocrx_word' id='word_1_212' title='bbox 587 4385 753 4449; x_wconf 87' lang='lat' dir='ltr'><strong>nunquam</strong></span> <span class='ocrx_word' id='word_1_213' title='bbox 768 4365 880 4428; x_wconf 86' lang='lat' dir='ltr'><strong>flueret</strong></span> <span class='ocrx_word' id='word_1_214' title='bbox 894 4382 1043 4427; x_wconf 86' lang='lat' dir='ltr'><strong>venarum</strong></span> <span class='ocrx_word' id='word_1_215' title='bbox 1057 4362 1177 4425; x_wconf 85' lang='lat' dir='ltr'><strong>rivulus</strong></span> <span class='ocrx_word' id='word_1_216' title='bbox 1191 4359 1283 4435; x_wconf 88' lang='lat' dir='ltr'><strong>ultra,</strong></span> 
     </span>
     <span class='ocr_line' id='line_1_39' title="bbox 523 4463 1255 4547; baseline -0.014 -13"><span class='ocrx_word' id='word_1_217' title='bbox 523 4470 570 4534; x_wconf 81' lang='lat' dir='ltr'><strong>Et</strong></span> <span class='ocrx_word' id='word_1_218' title='bbox 584 4468 670 4534; x_wconf 89' lang='lat' dir='ltr'><strong>dicto</strong></span> <span class='ocrx_word' id='word_1_219' title='bbox 685 4466 780 4531; x_wconf 88' lang='lat' dir='ltr'><strong>citius</strong></span> <span class='ocrx_word' id='word_1_220' title='bbox 796 4468 932 4530; x_wconf 88' lang='lat' dir='ltr'><strong>siccaret</strong></span> <span class='ocrx_word' id='word_1_221' title='bbox 946 4464 1108 4547; x_wconf 89' lang='lat' dir='ltr'><strong>sanguinis</strong></span> <span class='ocrx_word' id='word_1_222' title='bbox 1123 4463 1255 4527; x_wconf 83' lang='lat' dir='ltr'><strong>undam.</strong></span> 
     </span>
    </p>
   </div>
   <div class='ocr_carea' id='block_1_4' title="bbox 0 0 1884 5425">
    <p class='ocr_par' dir='ltr' id='par_1_5' title="bbox 0 0 1884 5425">
     <span class='ocr_line' id='line_1_40' title="bbox 0 0 1884 5425; baseline 0 8"><span class='ocrx_word' id='word_1_223' title='bbox 0 0 1884 5425; x_wconf 95' lang='lat' dir='ltr'><strong> </strong></span> 
     </span>
    </p>
   </div>
  </div>
 </body>
</html>
