<?xml version="1.0" encoding="UTF-8"?>
<!DOCTYPE html PUBLIC "-//W3C//DTD XHTML 1.0 Transitional//EN"
    "http://www.w3.org/TR/xhtml1/DTD/xhtml1-transitional.dtd">
<html xmlns="http://www.w3.org/1999/xhtml" xml:lang="en" lang="en">
 <head>
  <title>
</title>
<meta http-equiv="Content-Type" content="text/html;charset=utf-8" />
  <meta name='ocr-system' content='tesseract 3.04.00' />
  <meta name='ocr-capabilities' content='ocr_page ocr_carea ocr_par ocr_line ocrx_word'/>
</head>
<body>
  <div class='ocr_page' id='page_1' title='image "./operaquextantom00aldhgoog_0281.png"; bbox 0 0 3759 5425; ppageno 0'>
   <div class='ocr_carea' id='block_1_1' title="bbox 679 763 1452 834">
    <p class='ocr_par' dir='ltr' id='par_1_1' title="bbox 679 763 1452 834">
     <span class='ocr_line' id='line_1_1' title="bbox 679 763 1452 834; baseline 0 -16"><span class='ocrx_word' id='word_1_1' title='bbox 679 774 831 819; x_wconf 80' lang='lat' dir='ltr'>nrrsrom</span> <span class='ocrx_word' id='word_1_2' title='bbox 847 774 891 821; x_wconf 77' lang='lat' dir='ltr'>so</span> <span class='ocrx_word' id='word_1_3' title='bbox 905 774 1080 834; x_wconf 76' lang='lat' dir='ltr'>someron,</span> <span class='ocrx_word' id='word_1_4' title='bbox 1096 776 1170 821; x_wconf 81' lang='lat' dir='ltr'>aro.</span> <span class='ocrx_word' id='word_1_5' title='bbox 1388 763 1452 819; x_wconf 71' lang='lat'>⁸253</span> 
     </span>
    </p>
   </div>
   <div class='ocr_carea' id='block_1_2' title="bbox 478 926 1389 4574">
    <p class='ocr_par' dir='ltr' id='par_1_2' title="bbox 485 926 1301 1616">
     <span class='ocr_line' id='line_1_2' title="bbox 799 926 1061 991; baseline 0 0"><span class='ocrx_word' id='word_1_6' title='bbox 799 937 828 991; x_wconf 88' lang='grc'>7.</span> <span class='ocrx_word' id='word_1_7' title='bbox 846 928 898 991; x_wconf 86' lang='lat' dir='ltr'>De</span> <span class='ocrx_word' id='word_1_8' title='bbox 914 926 1061 991; x_wconf 78' lang='lat' dir='ltr'>Nutrice.</span> 
     </span>
     <span class='ocr_line' id='line_1_3' title="bbox 485 1027 1287 1112; baseline 0.002 -22"><span class='ocrx_word' id='word_1_9' title='bbox 485 1027 543 1092; x_wconf 90' lang='lat' dir='ltr'>Me</span> <span class='ocrx_word' id='word_1_10' title='bbox 559 1044 656 1112; x_wconf 82' lang='lat' dir='ltr'>eaput</span> <span class='ocrx_word' id='word_1_11' title='bbox 670 1030 827 1093; x_wconf 88' lang='lat' dir='ltr'>horrentis</span> <span class='ocrx_word' id='word_1_12' title='bbox 842 1031 939 1093; x_wconf 84' lang='lat' dir='ltr'>fertur</span> <span class='ocrx_word' id='word_1_13' title='bbox 954 1031 1100 1111; x_wconf 79' lang='lat' dir='ltr'>genuisse</span> <span class='ocrx_word' id='word_1_14' title='bbox 1116 1029 1287 1108; x_wconf 75' lang='lat' dir='ltr'>Draconis,</span> 
     </span>
     <span class='ocr_line' id='line_1_4' title="bbox 487 1132 1248 1217; baseline 0.003 -24"><span class='ocrx_word' id='word_1_15' title='bbox 487 1132 599 1214; x_wconf 77' lang='lat' dir='ltr'>Augeo</span> <span class='ocrx_word' id='word_1_16' title='bbox 614 1134 783 1217; x_wconf 83' lang='lat' dir='ltr'>purpureis</span> <span class='ocrx_word' id='word_1_17' title='bbox 798 1154 995 1216; x_wconf 88' lang='lat' dir='ltr'>gemmarum</span> <span class='ocrx_word' id='word_1_18' title='bbox 1009 1132 1134 1196; x_wconf 88' lang='lat' dir='ltr'>lumina</span> <span class='ocrx_word' id='word_1_19' title='bbox 1148 1132 1248 1196; x_wconf 76' lang='lat' dir='ltr'>streis:</span> 
     </span>
     <span class='ocr_line' id='line_1_5' title="bbox 487 1230 1295 1316; baseline 0.004 -22"><span class='ocrx_word' id='word_1_20' title='bbox 487 1230 552 1295; x_wconf 87' lang='lat' dir='ltr'>Sed</span> <span class='ocrx_word' id='word_1_21' title='bbox 569 1233 645 1296; x_wconf 90' lang='lat' dir='ltr'>mihi</span> <span class='ocrx_word' id='word_1_22' title='bbox 661 1256 727 1297; x_wconf 89' lang='lat' dir='ltr'>non</span> <span class='ocrx_word' id='word_1_23' title='bbox 744 1232 871 1300; x_wconf 82' lang='lat' dir='ltr'>dabitur</span> <span class='ocrx_word' id='word_1_24' title='bbox 885 1232 990 1315; x_wconf 88' lang='lat' dir='ltr'>rigida</span> <span class='ocrx_word' id='word_1_25' title='bbox 1003 1234 1118 1297; x_wconf 85' lang='lat' dir='ltr'>virtute</span> <span class='ocrx_word' id='word_1_26' title='bbox 1133 1244 1295 1316; x_wconf 81' lang='lat' dir='ltr'>potestas3</span> 
     </span>
     <span class='ocr_line' id='line_1_6' title="bbox 486 1333 1277 1419; baseline 0.003 -24"><span class='ocrx_word' id='word_1_27' title='bbox 486 1333 519 1395; x_wconf 90' lang='lat' dir='ltr'>Si</span> <span class='ocrx_word' id='word_1_28' title='bbox 536 1334 624 1415; x_wconf 90' lang='lat' dir='ltr'>prius</span> <span class='ocrx_word' id='word_1_29' title='bbox 639 1336 812 1399; x_wconf 88' lang='lat' dir='ltr'>occumbat</span> <span class='ocrx_word' id='word_1_30' title='bbox 827 1355 998 1419; x_wconf 86' lang='lat' dir='ltr'>squamoso</span> <span class='ocrx_word' id='word_1_31' title='bbox 1012 1355 1145 1418; x_wconf 89' lang='lat' dir='ltr'>corpore</span> <span class='ocrx_word' id='word_1_32' title='bbox 1160 1336 1277 1398; x_wconf 84' lang='lat' dir='ltr'>natrix:</span> 
     </span>
     <span class='ocr_line' id='line_1_7' title="bbox 486 1434 1301 1519; baseline 0 -22"><span class='ocrx_word' id='word_1_33' title='bbox 486 1434 590 1505; x_wconf 87' lang='lat' dir='ltr'>Quam</span> <span class='ocrx_word' id='word_1_34' title='bbox 606 1456 730 1499; x_wconf 89' lang='lat' dir='ltr'>summo</span> <span class='ocrx_word' id='word_1_35' title='bbox 745 1436 865 1518; x_wconf 88' lang='lat' dir='ltr'>spolier</span> <span class='ocrx_word' id='word_1_36' title='bbox 880 1435 994 1519; x_wconf 87' lang='lat' dir='ltr'>capitis</span> <span class='ocrx_word' id='word_1_37' title='bbox 1009 1434 1049 1498; x_wconf 89' lang='lat' dir='ltr'>de</span> <span class='ocrx_word' id='word_1_38' title='bbox 1063 1435 1182 1499; x_wconf 85' lang='lat' dir='ltr'>vertice</span> <span class='ocrx_word' id='word_1_39' title='bbox 1196 1437 1301 1499; x_wconf 86' lang='lat' dir='ltr'>rubra.</span> 
     </span>
     <span class='ocr_line' id='line_1_8' title="bbox 703 1534 1151 1616; baseline -0.004 -17"><span class='ocrx_word' id='word_1_40' title='bbox 703 1541 733 1599; x_wconf 79' lang='lat'>8.</span> <span class='ocrx_word' id='word_1_41' title='bbox 751 1535 803 1598; x_wconf 84' lang='lat' dir='ltr'>De</span> <span class='ocrx_word' id='word_1_42' title='bbox 819 1534 1151 1616; x_wconf 72' lang='lat' dir='ltr'>Magneteferrifero.</span> 
     </span>
    </p>

    <p class='ocr_par' dir='ltr' id='par_1_3' title="bbox 483 1636 1387 2131">
     <span class='ocr_line' id='line_1_9' title="bbox 487 1636 1309 1722; baseline 0.004 -24"><span class='ocrx_word' id='word_1_43' title='bbox 487 1638 545 1700; x_wconf 88' lang='lat' dir='ltr'>Vis</span> <span class='ocrx_word' id='word_1_44' title='bbox 559 1638 638 1700; x_wconf 91' lang='lat' dir='ltr'>mihi</span> <span class='ocrx_word' id='word_1_45' title='bbox 655 1639 685 1701; x_wconf 91' lang='lat' dir='ltr'>N</span> <span class='ocrx_word' id='word_1_46' title='bbox 690 1649 786 1701; x_wconf 81' lang='lat' dir='ltr'>atnrse</span> <span class='ocrx_word' id='word_1_47' title='bbox 803 1636 901 1713; x_wconf 83' lang='lat' dir='ltr'>dedit,</span> <span class='ocrx_word' id='word_1_48' title='bbox 917 1639 1015 1702; x_wconf 91' lang='lat' dir='ltr'>immo</span> <span class='ocrx_word' id='word_1_49' title='bbox 1031 1650 1153 1703; x_wconf 88' lang='lat' dir='ltr'>creator</span> <span class='ocrx_word' id='word_1_50' title='bbox 1166 1638 1309 1722; x_wconf 83' lang='lat' dir='ltr'>Olympi,</span> 
     </span>
     <span class='ocr_line' id='line_1_10' title="bbox 485 1738 1310 1823; baseline 0.002 -22"><span class='ocrx_word' id='word_1_51' title='bbox 485 1738 534 1813; x_wconf 89' lang='lat' dir='ltr'>Id,</span> <span class='ocrx_word' id='word_1_52' title='bbox 549 1760 615 1823; x_wconf 90' lang='lat' dir='ltr'>quo</span> <span class='ocrx_word' id='word_1_53' title='bbox 631 1751 748 1803; x_wconf 86' lang='lat' dir='ltr'>cuncta</span> <span class='ocrx_word' id='word_1_54' title='bbox 762 1753 872 1803; x_wconf 88' lang='lat' dir='ltr'>carent</span> <span class='ocrx_word' id='word_1_55' title='bbox 886 1741 1002 1805; x_wconf 87' lang='lat' dir='ltr'>veteris</span> <span class='ocrx_word' id='word_1_56' title='bbox 1017 1740 1172 1804; x_wconf 87' lang='lat' dir='ltr'>miracula</span> <span class='ocrx_word' id='word_1_57' title='bbox 1186 1739 1310 1803; x_wconf 88' lang='lat' dir='ltr'>mundi.</span> 
     </span>
     <span class='ocr_line' id='line_1_11' title="bbox 485 1840 1387 1927; baseline 0 -24"><span class='ocrx_word' id='word_1_58' title='bbox 485 1840 614 1922; x_wconf 88' lang='lat' dir='ltr'>Frigida</span> <span class='ocrx_word' id='word_1_59' title='bbox 627 1863 702 1905; x_wconf 91' lang='lat' dir='ltr'>nam</span> <span class='ocrx_word' id='word_1_60' title='bbox 719 1842 874 1926; x_wconf 82' lang='lat' dir='ltr'>chalybis</span> <span class='ocrx_word' id='word_1_61' title='bbox 889 1843 1053 1927; x_wconf 87' lang='lat' dir='ltr'>suspendo</span> <span class='ocrx_word' id='word_1_62' title='bbox 1068 1844 1199 1907; x_wconf 86' lang='lat' dir='ltr'>metalla</span> <span class='ocrx_word' id='word_1_63' title='bbox 1211 1864 1271 1926; x_wconf 84' lang='lat' dir='ltr'>per</span> <span class='ocrx_word' id='word_1_64' title='bbox 1285 1862 1387 1905; x_wconf 89' lang='lat' dir='ltr'>auras.</span> 
     </span>
     <span class='ocr_line' id='line_1_12' title="bbox 483 1942 1261 2027; baseline 0.003 -22"><span class='ocrx_word' id='word_1_65' title='bbox 483 1942 524 2005; x_wconf 89' lang='lat' dir='ltr'>vi</span> <span class='ocrx_word' id='word_1_66' title='bbox 539 1943 678 2027; x_wconf 90' lang='lat' dir='ltr'>quadam</span> <span class='ocrx_word' id='word_1_67' title='bbox 694 1964 848 2027; x_wconf 88' lang='lat' dir='ltr'>superans</span> <span class='ocrx_word' id='word_1_68' title='bbox 863 1944 909 2006; x_wconf 91' lang='lat' dir='ltr'>sic</span> <span class='ocrx_word' id='word_1_69' title='bbox 926 1944 1027 2008; x_wconf 85' lang='lat' dir='ltr'>ferrea</span> <span class='ocrx_word' id='word_1_70' title='bbox 1040 1946 1105 2009; x_wconf 79' lang='lat' dir='ltr'>fata</span> <span class='ocrx_word' id='word_1_71' title='bbox 1119 1945 1261 2007; x_wconf 77' lang='lat' dir='ltr'>rer-inco.</span> 
     </span>
     <span class='ocr_line' id='line_1_13' title="bbox 484 2045 1351 2131; baseline 0 -24"><span class='ocrx_word' id='word_1_72' title='bbox 484 2046 565 2108; x_wconf 85' lang='lat' dir='ltr'>Mox</span> <span class='ocrx_word' id='word_1_73' title='bbox 582 2046 751 2110; x_wconf 87' lang='lat' dir='ltr'>adamante</span> <span class='ocrx_word' id='word_1_74' title='bbox 767 2046 867 2130; x_wconf 85' lang='lat' dir='ltr'>Cypri</span> <span class='ocrx_word' id='word_1_75' title='bbox 882 2057 1041 2131; x_wconf 79' lang='lat' dir='ltr'>praesente</span> <span class='ocrx_word' id='word_1_76' title='bbox 1055 2049 1201 2131; x_wconf 88' lang='lat' dir='ltr'>potentia</span> <span class='ocrx_word' id='word_1_77' title='bbox 1213 2045 1351 2110; x_wconf 82' lang='lat' dir='ltr'>fraudor.</span> 
     </span>
    </p>

    <p class='ocr_par' dir='ltr' id='par_1_4' title="bbox 483 2145 1302 2744">
     <span class='ocr_line' id='line_1_14' title="bbox 759 2145 1077 2211; baseline 0.009 -3"><span class='ocrx_word' id='word_1_78' title='bbox 759 2150 789 2208; x_wconf 89' lang='grc'>9.</span> <span class='ocrx_word' id='word_1_79' title='bbox 806 2145 859 2208; x_wconf 83' lang='lat' dir='ltr'>De</span> <span class='ocrx_word' id='word_1_80' title='bbox 876 2146 1077 2211; x_wconf 79' lang='lat' dir='ltr'>Gallinaceo.</span> 
     </span>
     <span class='ocr_line' id='line_1_15' title="bbox 486 2249 1302 2314; baseline 0.001 -3"><span class='ocrx_word' id='word_1_81' title='bbox 486 2250 641 2313; x_wconf 78' lang='lat' dir='ltr'>Garrulus</span> <span class='ocrx_word' id='word_1_82' title='bbox 656 2250 689 2311; x_wconf 92' lang='lat' dir='ltr'>in</span> <span class='ocrx_word' id='word_1_83' title='bbox 705 2249 845 2313; x_wconf 88' lang='lat' dir='ltr'>tenebris</span> <span class='ocrx_word' id='word_1_84' title='bbox 860 2251 973 2313; x_wconf 91' lang='lat' dir='ltr'>rutilos</span> <span class='ocrx_word' id='word_1_85' title='bbox 987 2251 1144 2314; x_wconf 83' lang='lat' dir='ltr'>cecinisse</span> <span class='ocrx_word' id='word_1_86' title='bbox 1159 2251 1302 2313; x_wconf 76' lang='lat' dir='ltr'>solebam</span> 
     </span>
     <span class='ocr_line' id='line_1_16' title="bbox 485 2351 1182 2437; baseline -0.006 -19"><span class='ocrx_word' id='word_1_87' title='bbox 485 2357 637 2437; x_wconf 74' lang='lat' dir='ltr'>Augustae</span> <span class='ocrx_word' id='word_1_88' title='bbox 654 2354 737 2417; x_wconf 88' lang='lat' dir='ltr'>lueis</span> <span class='ocrx_word' id='word_1_89' title='bbox 753 2351 858 2417; x_wconf 91' lang='lat' dir='ltr'>radios</span> <span class='ocrx_word' id='word_1_90' title='bbox 874 2366 906 2416; x_wconf 88' lang='lat' dir='ltr'>et</span> <span class='ocrx_word' id='word_1_91' title='bbox 921 2354 1042 2417; x_wconf 90' lang='lat' dir='ltr'>lumina</span> <span class='ocrx_word' id='word_1_92' title='bbox 1056 2353 1182 2416; x_wconf 81' lang='lat' dir='ltr'>Phoebi.</span> 
     </span>
     <span class='ocr_line' id='line_1_17' title="bbox 485 2454 1281 2540; baseline -0.005 -21"><span class='ocrx_word' id='word_1_93' title='bbox 485 2458 642 2538; x_wconf 87' lang='lat' dir='ltr'>Penniger</span> <span class='ocrx_word' id='word_1_94' title='bbox 656 2465 788 2540; x_wconf 85' lang='lat' dir='ltr'>experto</span> <span class='ocrx_word' id='word_1_95' title='bbox 804 2456 996 2538; x_wconf 86' lang='lat' dir='ltr'>populorum</span> <span class='ocrx_word' id='word_1_96' title='bbox 1012 2454 1141 2517; x_wconf 89' lang='lat' dir='ltr'>nomine</span> <span class='ocrx_word' id='word_1_97' title='bbox 1156 2454 1281 2535; x_wconf 90' lang='lat' dir='ltr'>fungor,</span> 
     </span>
     <span class='ocr_line' id='line_1_18' title="bbox 483 2555 1257 2640; baseline -0.004 -20"><span class='ocrx_word' id='word_1_98' title='bbox 483 2561 577 2620; x_wconf 90' lang='lat' dir='ltr'>Arma</span> <span class='ocrx_word' id='word_1_99' title='bbox 593 2559 695 2621; x_wconf 88' lang='lat' dir='ltr'>serens</span> <span class='ocrx_word' id='word_1_100' title='bbox 709 2556 859 2640; x_wconf 89' lang='lat' dir='ltr'>pedibus,</span> <span class='ocrx_word' id='word_1_101' title='bbox 875 2556 953 2620; x_wconf 90' lang='lat' dir='ltr'>belli</span> <span class='ocrx_word' id='word_1_102' title='bbox 968 2555 1155 2618; x_wconf 87' lang='lat' dir='ltr'>discrimina</span> <span class='ocrx_word' id='word_1_103' title='bbox 1169 2556 1257 2630; x_wconf 84' lang='lat' dir='ltr'>laxo,</span> 
     </span>
     <span class='ocr_line' id='line_1_19' title="bbox 483 2656 1220 2744; baseline -0.008 -20"><span class='ocrx_word' id='word_1_104' title='bbox 483 2658 623 2725; x_wconf 81' lang='lat' dir='ltr'>Serretes</span> <span class='ocrx_word' id='word_1_105' title='bbox 638 2659 754 2744; x_wconf 87' lang='lat' dir='ltr'>eapitis</span> <span class='ocrx_word' id='word_1_106' title='bbox 770 2671 898 2741; x_wconf 83' lang='lat' dir='ltr'>gestans</span> <span class='ocrx_word' id='word_1_107' title='bbox 912 2658 947 2720; x_wconf 91' lang='lat' dir='ltr'>in</span> <span class='ocrx_word' id='word_1_108' title='bbox 962 2657 1081 2721; x_wconf 84' lang='lat' dir='ltr'>vertice</span> <span class='ocrx_word' id='word_1_109' title='bbox 1097 2656 1220 2720; x_wconf 88' lang='lat' dir='ltr'>cristas.</span> 
     </span>
    </p>

    <p class='ocr_par' dir='ltr' id='par_1_5' title="bbox 478 2759 1329 3354">
     <span class='ocr_line' id='line_1_20' title="bbox 775 2759 1062 2824; baseline -0.007 0"><span class='ocrx_word' id='word_1_110' title='bbox 775 2765 823 2824; x_wconf 89' lang='lat'>10.</span> <span class='ocrx_word' id='word_1_111' title='bbox 841 2760 893 2823; x_wconf 87' lang='lat' dir='ltr'>De</span> <span class='ocrx_word' id='word_1_112' title='bbox 910 2759 1062 2822; x_wconf 80' lang='lat' dir='ltr'>Ooticulo.</span> 
     </span>
     <span class='ocr_line' id='line_1_21' title="bbox 482 2863 1222 2948; baseline -0.004 -20"><span class='ocrx_word' id='word_1_113' title='bbox 482 2863 631 2948; x_wconf 82' lang='lat' dir='ltr'>Frigidus</span> <span class='ocrx_word' id='word_1_114' title='bbox 647 2886 689 2928; x_wconf 86' lang='lat' dir='ltr'>ex</span> <span class='ocrx_word' id='word_1_115' title='bbox 704 2863 810 2946; x_wconf 92' lang='lat' dir='ltr'>gelido</span> <span class='ocrx_word' id='word_1_116' title='bbox 826 2864 969 2948; x_wconf 90' lang='lat' dir='ltr'>prolatus</span> <span class='ocrx_word' id='word_1_117' title='bbox 986 2864 1105 2927; x_wconf 81' lang='lat' dir='ltr'>viscere</span> <span class='ocrx_word' id='word_1_118' title='bbox 1121 2875 1222 2938; x_wconf 86' lang='lat' dir='ltr'>terrae,</span> 
     </span>
     <span class='ocr_line' id='line_1_22' title="bbox 482 2964 1159 3050; baseline -0.004 -20"><span class='ocrx_word' id='word_1_119' title='bbox 482 2967 640 3030; x_wconf 86' lang='lat' dir='ltr'>Duritiem</span> <span class='ocrx_word' id='word_1_120' title='bbox 656 2966 729 3028; x_wconf 86' lang='lat' dir='ltr'>ferri</span> <span class='ocrx_word' id='word_1_121' title='bbox 745 2964 900 3050; x_wconf 86' lang='lat' dir='ltr'>quadrata</span> <span class='ocrx_word' id='word_1_122' title='bbox 914 2966 1016 3028; x_wconf 82' lang='lat' dir='ltr'>fronte</span> <span class='ocrx_word' id='word_1_123' title='bbox 1031 2965 1159 3049; x_wconf 92' lang='lat' dir='ltr'>polibo:</span> 
     </span>
     <span class='ocr_line' id='line_1_23' title="bbox 482 3066 1295 3153; baseline -0.006 -20"><span class='ocrx_word' id='word_1_124' title='bbox 482 3074 587 3153; x_wconf 81' lang='lat' dir='ltr'>Atque</span> <span class='ocrx_word' id='word_1_125' title='bbox 603 3069 778 3132; x_wconf 79' lang='lat' dir='ltr'>senectutis</span> <span class='ocrx_word' id='word_1_126' title='bbox 795 3089 903 3130; x_wconf 78' lang='lat' dir='ltr'>vereor</span> <span class='ocrx_word' id='word_1_127' title='bbox 919 3066 1105 3131; x_wconf 85' lang='lat' dir='ltr'>discrimina</span> <span class='ocrx_word' id='word_1_128' title='bbox 1118 3087 1295 3151; x_wconf 85' lang='lat' dir='ltr'>nunquam,</span> 
     </span>
     <span class='ocr_line' id='line_1_24' title="bbox 478 3167 1329 3254; baseline -0.004 -19"><span class='ocrx_word' id='word_1_129' title='bbox 478 3172 627 3235; x_wconf 84' lang='lat' dir='ltr'>Mulciler</span> <span class='ocrx_word' id='word_1_130' title='bbox 642 3192 797 3234; x_wconf 89' lang='lat' dir='ltr'>euuorum</span> <span class='ocrx_word' id='word_1_131' title='bbox 813 3191 981 3234; x_wconf 90' lang='lat' dir='ltr'>numerum</span> <span class='ocrx_word' id='word_1_132' title='bbox 996 3172 1030 3234; x_wconf 91' lang='lat' dir='ltr'>ni</span> <span class='ocrx_word' id='word_1_133' title='bbox 1046 3170 1221 3254; x_wconf 87' lang='lat' dir='ltr'>dempserit</span> <span class='ocrx_word' id='word_1_134' title='bbox 1234 3167 1329 3251; x_wconf 89' lang='lat' dir='ltr'>ignis.</span> 
     </span>
     <span class='ocr_line' id='line_1_25' title="bbox 482 3271 1251 3354; baseline -0.005 -18"><span class='ocrx_word' id='word_1_135' title='bbox 482 3275 562 3336; x_wconf 89' lang='lat' dir='ltr'>Mox</span> <span class='ocrx_word' id='word_1_136' title='bbox 580 3271 682 3354; x_wconf 86' lang='lat' dir='ltr'>rigida</span> <span class='ocrx_word' id='word_1_137' title='bbox 697 3273 822 3354; x_wconf 90' lang='lat' dir='ltr'>species</span> <span class='ocrx_word' id='word_1_138' title='bbox 837 3274 998 3336; x_wconf 89' lang='lat' dir='ltr'>mollescit</span> <span class='ocrx_word' id='word_1_139' title='bbox 1011 3274 1150 3336; x_wconf 87' lang='lat' dir='ltr'>torribus</span> <span class='ocrx_word' id='word_1_140' title='bbox 1165 3272 1251 3336; x_wconf 80' lang='lat' dir='ltr'>atris.</span> 
     </span>
    </p>

    <p class='ocr_par' dir='ltr' id='par_1_6' title="bbox 480 3372 1343 3963">
     <span class='ocr_line' id='line_1_26' title="bbox 757 3372 1089 3437; baseline 0 -1"><span class='ocrx_word' id='word_1_141' title='bbox 757 3379 805 3437; x_wconf 93' lang='lat' dir='ltr'>ll.</span> <span class='ocrx_word' id='word_1_142' title='bbox 823 3372 875 3435; x_wconf 87' lang='lat' dir='ltr'>De</span> <span class='ocrx_word' id='word_1_143' title='bbox 890 3373 1089 3436; x_wconf 80' lang='lat' dir='ltr'>Minotauro.</span> 
     </span>
     <span class='ocr_line' id='line_1_27' title="bbox 482 3473 1316 3558; baseline -0.007 -18"><span class='ocrx_word' id='word_1_144' title='bbox 482 3478 558 3540; x_wconf 85' lang='lat' dir='ltr'>Sum</span> <span class='ocrx_word' id='word_1_145' title='bbox 576 3476 654 3538; x_wconf 92' lang='lat' dir='ltr'>mihi</span> <span class='ocrx_word' id='word_1_146' title='bbox 670 3474 811 3539; x_wconf 88' lang='lat' dir='ltr'>difficilis</span> <span class='ocrx_word' id='word_1_147' title='bbox 827 3476 915 3538; x_wconf 80' lang='lat' dir='ltr'>vultu</span> <span class='ocrx_word' id='word_1_148' title='bbox 930 3475 1144 3558; x_wconf 85' lang='lat' dir='ltr'>membrisque</span> <span class='ocrx_word' id='word_1_149' title='bbox 1159 3473 1316 3546; x_wconf 82' lang='lat' dir='ltr'>biformis,</span> 
     </span>
     <span class='ocr_line' id='line_1_28' title="bbox 482 3573 1306 3654; baseline -0.007 -13"><span class='ocrx_word' id='word_1_150' title='bbox 482 3577 643 3641; x_wconf 85' lang='lat' dir='ltr'>Cornibus</span> <span class='ocrx_word' id='word_1_151' title='bbox 659 3587 798 3640; x_wconf 87' lang='lat' dir='ltr'>armatus</span> <span class='ocrx_word' id='word_1_152' title='bbox 807 3597 817 3652; x_wconf 83' lang='lat'>3</span> <span class='ocrx_word' id='word_1_153' title='bbox 839 3574 1032 3640; x_wconf 87' lang='lat' dir='ltr'>horrendum</span> <span class='ocrx_word' id='word_1_154' title='bbox 1048 3586 1163 3638; x_wconf 78' lang='lat' dir='ltr'>caetera</span> <span class='ocrx_word' id='word_1_155' title='bbox 1178 3573 1306 3654; x_wconf 82' lang='lat' dir='ltr'>lingunt</span> 
     </span>
     <span class='ocr_line' id='line_1_29' title="bbox 480 3677 1295 3759; baseline -0.01 -17"><span class='ocrx_word' id='word_1_156' title='bbox 480 3680 628 3742; x_wconf 91' lang='lat' dir='ltr'>Membra</span> <span class='ocrx_word' id='word_1_157' title='bbox 644 3679 754 3753; x_wconf 88' lang='lat' dir='ltr'>virum,</span> <span class='ocrx_word' id='word_1_158' title='bbox 770 3678 853 3740; x_wconf 84' lang='lat' dir='ltr'>fama</span> <span class='ocrx_word' id='word_1_159' title='bbox 868 3677 972 3740; x_wconf 88' lang='lat' dir='ltr'>clarus</span> <span class='ocrx_word' id='word_1_160' title='bbox 986 3696 1045 3759; x_wconf 88' lang='lat' dir='ltr'>per</span> <span class='ocrx_word' id='word_1_161' title='bbox 1059 3677 1200 3740; x_wconf 86' lang='lat' dir='ltr'>Gnossia</span> <span class='ocrx_word' id='word_1_162' title='bbox 1215 3694 1295 3736; x_wconf 85' lang='lat' dir='ltr'>rura.</span> 
     </span>
     <span class='ocr_line' id='line_1_30' title="bbox 482 3777 1224 3863; baseline -0.004 -20"><span class='ocrx_word' id='word_1_163' title='bbox 482 3778 616 3863; x_wconf 89' lang='lat' dir='ltr'>Spurius</span> <span class='ocrx_word' id='word_1_164' title='bbox 630 3779 754 3842; x_wconf 89' lang='lat' dir='ltr'>incerto</span> <span class='ocrx_word' id='word_1_165' title='bbox 769 3779 802 3841; x_wconf 93' lang='lat' dir='ltr'>in</span> <span class='ocrx_word' id='word_1_166' title='bbox 819 3777 915 3841; x_wconf 87' lang='lat' dir='ltr'>Creta</span> <span class='ocrx_word' id='word_1_167' title='bbox 931 3777 1073 3858; x_wconf 88' lang='lat' dir='ltr'>genitore</span> <span class='ocrx_word' id='word_1_168' title='bbox 1088 3789 1224 3854; x_wconf 85' lang='lat' dir='ltr'>creatus,</span> 
     </span>
     <span class='ocr_line' id='line_1_31' title="bbox 480 3877 1343 3963; baseline -0.005 -19"><span class='ocrx_word' id='word_1_169' title='bbox 480 3883 533 3944; x_wconf 86' lang='lat' dir='ltr'>Ex</span> <span class='ocrx_word' id='word_1_170' title='bbox 550 3881 689 3943; x_wconf 88' lang='lat' dir='ltr'>hominis</span> <span class='ocrx_word' id='word_1_171' title='bbox 705 3879 905 3963; x_wconf 87' lang='lat' dir='ltr'>pecudisque</span> <span class='ocrx_word' id='word_1_172' title='bbox 922 3879 1018 3942; x_wconf 88' lang='lat' dir='ltr'>simul</span> <span class='ocrx_word' id='word_1_173' title='bbox 1036 3880 1227 3960; x_wconf 82' lang='lat' dir='ltr'>cognomine</span> <span class='ocrx_word' id='word_1_174' title='bbox 1241 3877 1343 3940; x_wconf 86' lang='lat' dir='ltr'>dicor.</span> 
     </span>
    </p>

    <p class='ocr_par' dir='ltr' id='par_1_7' title="bbox 688 3980 1168 4044">
     <span class='ocr_line' id='line_1_32' title="bbox 688 3980 1168 4044; baseline -0.004 0"><span class='ocrx_word' id='word_1_175' title='bbox 688 3987 736 4044; x_wconf 76' lang='lat'>12.</span> <span class='ocrx_word' id='word_1_176' title='bbox 754 3981 806 4044; x_wconf 88' lang='lat' dir='ltr'>De</span> <span class='ocrx_word' id='word_1_177' title='bbox 822 3981 947 4043; x_wconf 72' lang='lat' dir='ltr'>omaro</span> <span class='ocrx_word' id='word_1_178' title='bbox 960 3981 1027 4042; x_wconf 79' lang='lat' dir='ltr'>sire</span> <span class='ocrx_word' id='word_1_179' title='bbox 1044 3980 1168 4044; x_wconf 75' lang='lat' dir='ltr'>hebete.</span> 
     </span>
    </p>

    <p class='ocr_par' dir='ltr' id='par_1_8' title="bbox 479 4083 1389 4574">
     <span class='ocr_line' id='line_1_33' title="bbox 481 4083 1348 4166; baseline -0.002 -20"><span class='ocrx_word' id='word_1_180' title='bbox 481 4085 631 4159; x_wconf 86' lang='lat' dir='ltr'>Horrida,</span> <span class='ocrx_word' id='word_1_181' title='bbox 648 4104 754 4160; x_wconf 82' lang='lat' dir='ltr'>curra,</span> <span class='ocrx_word' id='word_1_182' title='bbox 770 4104 881 4166; x_wconf 88' lang='lat' dir='ltr'>rapax,</span> <span class='ocrx_word' id='word_1_183' title='bbox 897 4083 1016 4166; x_wconf 87' lang='lat' dir='ltr'>patulis</span> <span class='ocrx_word' id='word_1_184' title='bbox 1032 4084 1186 4147; x_wconf 81' lang='lat' dir='ltr'>fabricata</span> <span class='ocrx_word' id='word_1_185' title='bbox 1201 4083 1348 4158; x_wconf 77' lang='lat' dir='ltr'>metallis,</span> 
     </span>
     <span class='ocr_line' id='line_1_34' title="bbox 480 4183 1389 4270; baseline -0.003 -21"><span class='ocrx_word' id='word_1_186' title='bbox 480 4187 628 4252; x_wconf 88' lang='lat' dir='ltr'>Pendeo:</span> <span class='ocrx_word' id='word_1_187' title='bbox 653 4207 715 4249; x_wconf 86' lang='lat' dir='ltr'>nce</span> <span class='ocrx_word' id='word_1_188' title='bbox 732 4187 849 4248; x_wconf 85' lang='lat' dir='ltr'>coelum</span> <span class='ocrx_word' id='word_1_189' title='bbox 866 4195 1002 4266; x_wconf 86' lang='lat' dir='ltr'>tangens</span> <span class='ocrx_word' id='word_1_190' title='bbox 1018 4197 1172 4249; x_wconf 76' lang='lat' dir='ltr'>terramve</span> <span class='ocrx_word' id='word_1_191' title='bbox 1187 4183 1389 4270; x_wconf 80' lang='lat' dir='ltr'>profundam,</span> 
     </span>
     <span class='ocr_line' id='line_1_35' title="bbox 481 4287 1315 4370; baseline -0.002 -20"><span class='ocrx_word' id='word_1_192' title='bbox 481 4289 615 4368; x_wconf 79' lang='lat' dir='ltr'>Ignibus</span> <span class='ocrx_word' id='word_1_193' title='bbox 631 4288 813 4361; x_wconf 87' lang='lat' dir='ltr'>ardescens,</span> <span class='ocrx_word' id='word_1_194' title='bbox 830 4308 891 4352; x_wconf 89' lang='lat' dir='ltr'>nec</span> <span class='ocrx_word' id='word_1_195' title='bbox 907 4307 972 4348; x_wconf 93' lang='lat' dir='ltr'>non</span> <span class='ocrx_word' id='word_1_196' title='bbox 988 4298 1021 4349; x_wconf 87' lang='lat' dir='ltr'>et</span> <span class='ocrx_word' id='word_1_197' title='bbox 1035 4287 1158 4370; x_wconf 88' lang='lat' dir='ltr'>gurgite</span> <span class='ocrx_word' id='word_1_198' title='bbox 1173 4288 1315 4350; x_wconf 84' lang='lat' dir='ltr'>ferrens:</span> 
     </span>
     <span class='ocr_line' id='line_1_36' title="bbox 481 4386 1265 4473; baseline -0.003 -19"><span class='ocrx_word' id='word_1_199' title='bbox 481 4391 534 4454; x_wconf 90' lang='lat' dir='ltr'>Sic</span> <span class='ocrx_word' id='word_1_200' title='bbox 551 4391 696 4471; x_wconf 86' lang='lat' dir='ltr'>geminas</span> <span class='ocrx_word' id='word_1_201' title='bbox 711 4389 797 4452; x_wconf 88' lang='lat' dir='ltr'>vario</span> <span class='ocrx_word' id='word_1_202' title='bbox 813 4389 916 4473; x_wconf 89' lang='lat' dir='ltr'>patior</span> <span class='ocrx_word' id='word_1_203' title='bbox 931 4386 1113 4452; x_wconf 84' lang='lat' dir='ltr'>discrimine</span> <span class='ocrx_word' id='word_1_204' title='bbox 1128 4410 1265 4473; x_wconf 89' lang='lat' dir='ltr'>pugnas,</span> 
     </span>
     <span class='ocr_line' id='line_1_37' title="bbox 479 4490 1336 4574; baseline 0.001 -22"><span class='ocrx_word' id='word_1_205' title='bbox 479 4491 565 4553; x_wconf 91' lang='lat' dir='ltr'>Dum</span> <span class='ocrx_word' id='word_1_206' title='bbox 581 4492 693 4555; x_wconf 86' lang='lat' dir='ltr'>latices</span> <span class='ocrx_word' id='word_1_207' title='bbox 708 4491 849 4574; x_wconf 73' lang='lat' dir='ltr'>lymphae</span> <span class='ocrx_word' id='word_1_208' title='bbox 866 4491 965 4554; x_wconf 86' lang='lat' dir='ltr'>tolero</span> <span class='ocrx_word' id='word_1_209' title='bbox 981 4490 1189 4574; x_wconf 82' lang='lat' dir='ltr'>flammasque</span> <span class='ocrx_word' id='word_1_210' title='bbox 1206 4491 1336 4553; x_wconf 85' lang='lat' dir='ltr'>seroces.</span> 
     </span>
    </p>
   </div>
   <div class='ocr_carea' id='block_1_3' title="bbox 0 0 1884 5425">
    <p class='ocr_par' dir='ltr' id='par_1_9' title="bbox 0 0 1884 5425">
     <span class='ocr_line' id='line_1_38' title="bbox 0 0 1884 5425; baseline 0 4"><span class='ocrx_word' id='word_1_211' title='bbox 0 0 1884 5425; x_wconf 95' lang='lat' dir='ltr'> </span> 
     </span>
    </p>
   </div>
  </div>
 </body>
</html>
