3759 5425
465 727 524 785 lot

776 739 821 788 DE
838 739 1002 788 moninus
1018 737 1198 787 vlnuluuut.

552 894 637 958 Cum
651 895 698 958 vir
711 894 883 957 mundanae
898 893 1066 958 clausisset
1081 893 1203 956 lumina
1217 901 1329 956 metae:

550 1000 706 1081 Plangere
720 1021 781 1064 ceu
796 1001 879 1063 solet
892 1000 1036 1062 oblatum
1052 1010 1196 1063 matrona
1210 997 1367 1074 maritum,

551 1102 660 1165 Anxia
675 1100 752 1164 dum
768 1102 910 1186 queritur
925 1101 1066 1184 singultu
1080 1101 1192 1165 funera
1207 1099 1328 1184 sponsi.

551 1203 626 1267 Hos
639 1204 739 1284 igitur
751 1202 891 1280 threnos,
906 1223 990 1286 quos
1004 1202 1118 1265 mundi
1134 1202 1198 1266 fata
1212 1202 1376 1264 facessunt

549 1302 693 1366 Lethifer
707 1313 740 1366 et
753 1302 884 1364 morbus
898 1299 1023 1364 crudeli
1040 1303 1129 1365 calce
1144 1301 1284 1378 lacessit,

550 1403 766 1468 Eustochium
781 1403 919 1466 lacrimis
934 1399 1024 1483 virgo
1039 1425 1105 1467 non
1121 1404 1222 1466 sensit
1236 1402 1362 1477 amaris,

551 1505 672 1568 Mellea
685 1504 841 1568 mundani
855 1515 1002 1567 temnens
1017 1506 1165 1586 contagia
1179 1506 1287 1567 luxus.

552 1604 685 1687 Aspidls
700 1615 737 1668 nt
751 1625 891 1668 morsum
906 1607 1080 1688 spernebat
1093 1606 1185 1669 basia
1198 1606 1322 1682 buccis,

549 1707 670 1770 Dulcia
684 1706 741 1769 sed
754 1705 875 1770 Christi
891 1707 1083 1790 compressit
1096 1708 1185 1771 labra
1198 1707 1335 1782 labellis,

549 1809 671 1872 Oscula
684 1807 761 1871 dum
776 1829 891 1892 supero
907 1806 1024 1872 defixit
1037 1808 1171 1892 limpida
1185 1827 1317 1890 sponso,

552 1910 599 1974 Ut
612 1909 731 1972 cecinit
744 1908 907 1992 quondam
922 1908 1045 1972 famoso
1060 1909 1199 1971 carmine
1214 1909 1377 1992 princeps,

548 2009 612 2081 Qui
628 2020 790 2092 sceptrum
806 2010 896 2091 regni
911 2008 1052 2092 Solymis
1068 2010 1171 2072 erexit
1186 2010 1220 2072 in
1237 2008 1329 2084 arvis,

550 2109 723 2172 Personam
738 2109 869 2186 Christi,
883 2109 1026 2192 sponsali
1042 2108 1183 2172 dramate
1198 2127 1337 2172 sumens.

552 2209 606 2273 Sic
623 2211 755 2294 inquam
771 2211 838 2272 voti
852 2209 936 2274 vixit
950 2210 1139 2291 virguncula
1154 2229 1297 2292 compos,

552 2313 599 2375 Ut
612 2313 726 2375 merito
741 2313 827 2376 fama
839 2312 998 2396 reliquum
1013 2313 1190 2377 celebretur
1203 2311 1237 2372 iu
1255 2329 1367 2386 aevum,

550 2413 612 2476 Cui
628 2433 718 2476 sacer
729 2412 886 2496 interpres
900 2415 1092 2497 conscripsit
1105 2413 1262 2498 opuscula
1276 2411 1376 2494 plura.

552 2514 617 2586 Qui
632 2512 729 2588 rudis,
743 2523 777 2575 et
790 2511 904 2575 veteris
918 2511 1052 2594 digessit
1067 2512 1187 2578 famina
1200 2511 1292 2592 legis,

553 2615 686 2677 Hebrea
699 2611 882 2675 Romulidis
897 2623 1021 2676 vertens
1036 2613 1166 2678 oracula
1179 2613 1310 2693 linguis,

552 2717 623 2779 Nec
640 2737 706 2778 non
722 2715 891 2796 Argolicas
906 2716 989 2779 ltalo
1005 2736 1151 2779 sermone
1166 2715 1322 2799 loquelas,

552 2816 645 2880 Idem
661 2815 829 2880 translator
842 2815 941 2877 biblis
958 2816 1129 2898 opulentus
1144 2817 1255 2899 opacis

553 2916 730 2980 Transtulit
742 2915 777 2977 in
794 2915 921 2979 Latium
934 2917 1104 3000 peregrina
1118 2918 1280 2980 volumina
1293 2914 1451 2999 pandens,

553 3019 800 3099 Thesaurosque
816 3016 912 3079 simul
926 3017 1078 3081 librorum
1091 3019 1171 3081 sorte
1187 3018 1343 3100 Pelasgos

546 3119 662 3185 Edidit
673 3120 708 3182 in
722 3120 839 3197 lucem,
854 3139 938 3202 quos
952 3120 1069 3203 pagina
1085 3131 1209 3184 texerat
1222 3122 1346 3199 umbra,

557 3220 709 3286 Clavibus
723 3220 868 3284 Ausonia
881 3222 969 3283 verbi
986 3222 1151 3285 claustella
1165 3220 1334 3285 resolvens.

552 3322 691 3385 Tomum
706 3331 861 3405 praterea
875 3330 1040 3406 comptum
1057 3342 1203 3386 sermone
1217 3322 1319 3405 polito

553 3422 605 3487 Ad
621 3424 772 3487 famulam
788 3421 908 3485 Christi
922 3423 1052 3505 scripsit
1066 3422 1249 3487 didascalus
1262 3420 1360 3501 idem,

554 3526 593 3588 ln
611 3543 676 3607 quo
690 3522 868 3606 pinguntur
882 3533 979 3587 casto
994 3524 1157 3607 praeconia
1172 3525 1254 3603 ritas,

554 3624 712 3699 Qualibus
725 3622 892 3702 integritas
907 3634 1036 3688 ornetur
1051 3625 1191 3692 candida
1205 3626 1309 3703 sertis,

553 3730 720 3792 Immunes
735 3734 822 3788 artus
837 3745 966 3790 servans
981 3728 1050 3790 sinc
1066 3726 1160 3791 sorde
1174 3730 1314 3812 petulca.

552 3828 606 3892 Sic
621 3826 750 3890 soboles
764 3826 876 3889 Paula
891 3826 979 3909 degit
993 3829 1169 3893 lectissima
1184 3831 1284 3912 virgo,

552 3929 669 3993 Donec
684 3946 865 4010 supremam
879 3928 1073 3992 clausissent
1088 3931 1197 3993 secula
1210 3940 1327 3992 metam
1341 3926 1350 3989 i

552 4033 660 4094 Aurea
672 4038 740 4091 tum
754 4047 889 4109 propere
902 4038 1083 4110 penetrarat
1097 4050 1196 4112 regna
1209 4030 1356 4113 polorum

555 4129 701 4214 Spiritus,
716 4125 757 4191 ad
772 4146 901 4209 superas
913 4128 1022 4190 anima
1034 4140 1195 4193 remeante
1211 4138 1363 4193 catervas

593 4231 661 4294 Hic
677 4248 804 4312 quoque
819 4238 992 4291 metrorum
1006 4231 1189 4295 crebrescat
1203 4229 1300 4295 laude
1314 4250 1373 4313 per
1383 4231 1505 4309 orbem,

552 4328 767 4397 Demetriadis
782 4329 885 4392 honor
898 4342 1030 4395 sacrate
1046 4331 1177 4415 virginis
1191 4335 1302 4398 almus.

550 4432 655 4503 Quam
670 4427 748 4491 licet
761 4426 903 4510 Europe
917 4427 1030 4492 faustis
1044 4430 1204 4495 natalibus
1219 4442 1321 4495 ortam

551 4527 694 4594 Plurima
706 4546 782 4589 cum
796 4525 907 4591 densis
922 4530 1123 4593 celebrarent
1137 4530 1266 4611 agmina
1280 4530 1403 4607 burmis,
