3759 5425
665 686 1142 734 oscsuurnnsvrnursrrsrrs.
1388 674 1434 734 5⁹

370 835 547 902 Poetarum
572 837 728 920 figmenta
754 841 860 904 ferunt
882 860 902 903 a
928 841 1065 904 Plutone
1089 841 1225 922 raptam)
1249 839 1429 908 lacrimosis

369 936 569 1018 singultibus
587 941 765 1022 lugubriter
782 942 1019 1018 lamentaretur,
1033 939 1138 1006 statim
1154 940 1376 1023 spithonibus
1398 953 1430 1006 et

369 1039 576 1123 aruspicibus
603 1063 687 1107 vana
712 1043 859 1106 falsitatis
889 1040 1098 1108 deliramenta
1125 1033 1348 1123 garrientibus,
1373 1042 1429 1126 qui

369 1139 434 1205 sibi
449 1163 515 1225 prae
527 1144 654 1208 crateris
661 1146 850 1208 mortalibus
865 1143 980 1208 frustra
988 1143 1154 1210 latentium
1166 1164 1271 1208 rerum
1282 1143 1429 1226 peritiam

370 1240 585 1326 adplaudunt,
599 1246 717 1312 stolida
730 1248 879 1312 consulta
898 1247 1057 1330 poposcit.
1102 1248 1221 1310 Verum
1237 1246 1302 1310 illis
1317 1246 1430 1310 frivola

369 1345 561 1428 scrupulum
582 1348 746 1412 moventia
766 1347 1038 1430 confingentibus,
1054 1367 1128 1430 quse
1143 1347 1335 1431 Prophetica
1350 1348 1430 1414 veri·

371 1457 436 1510 tate
462 1448 620 1514 veraciter
643 1458 798 1527 carerent,
819 1449 913 1516 solita
938 1449 1111 1514 Salvatoris
1133 1449 1305 1516 clementia
1325 1451 1429 1516 muni·

371 1546 497 1630 cipium
518 1549 554 1612 in
584 1559 692 1614 monte
713 1549 855 1633 positum
878 1559 912 1612 et
933 1549 1078 1612 lichnum
1101 1551 1162 1616 sub
1191 1549 1299 1616 modio
1322 1571 1429 1618 coms·

370 1663 514 1731 cantem,
533 1654 619 1717 clam
638 1653 757 1718 diutim
783 1651 972 1718 delitescere
998 1673 1064 1718 non
1090 1655 1219 1738 patitur,
1240 1653 1317 1718 dum
1343 1675 1430 1720 rnre

370 1750 502 1816 infanda
516 1753 686 1821 calumnis
700 1753 894 1837 improperio
908 1752 1038 1820 latentis
1052 1753 1217 1836 pudicitie
1231 1754 1428 1838 preconium

371 1851 568 1934 propalatur.
614 1849 769 1924 Quamvis
790 1862 903 1918 auctor
927 1851 1119 1934 integritatis
1140 1853 1291 1934 virginale
1311 1874 1429 1922 munus

370 1952 533 2017 clanculis
546 1953 709 2018 occultare
724 1952 856 2018 latebris
875 1953 1075 2028 deliberaret,
1089 1963 1122 2016 et
1137 1951 1255 2018 divinas
1271 1952 1431 2018 dunmxst

371 2051 551 2137 majestatis
564 2053 699 2132 notitiae,
709 2053 763 2118 cui
777 2053 891 2118 abdita
904 2063 1100 2118 secretorum
1112 2074 1229 2120 arcana
1239 2053 1430 2139 produntur,

371 2155 540 2235 cognitum
550 2155 619 2218 fore
633 2165 800 2237 satageret.
837 2155 922 2218 Nam
934 2175 1008 2218 cum
1024 2153 1132 2219 eidem
1143 2156 1300 2237 Eugeuioe
1314 2157 1429 2222 mlsum

372 2255 545 2340 prostibuli
558 2264 703 2338 stuprum
717 2265 751 2320 et
772 2255 936 2339 lupanaris
957 2254 1072 2318 incesti
1092 2254 1256 2338 piaculum
1271 2257 1428 2322 Melantis

372 2358 461 2438 virgo
489 2357 633 2420 nominis
661 2357 819 2441 praesagio
855 2355 1013 2433 traducta,
1043 2359 1227 2422 matronalis
1264 2357 1430 2441 pudicitiae

371 2457 578 2536 obliviscens,
593 2477 690 2540 quam
710 2458 842 2522 lascire
866 2457 1088 2522 obscaenitatis
1109 2456 1247 2522 ludibria
1262 2459 1430 2542 carnisque

372 2559 537 2624 incentiva
563 2558 763 2624 illecebrosis
791 2558 928 2622 stimulis
964 2557 1138 2640 agitabant,
1168 2558 1336 2641 pellaciter
1370 2560 1431 2624 im·

372 2661 506 2746 pingere
532 2660 705 2739 moliretur,
732 2659 819 2723 velut
848 2659 962 2723 ferrato
993 2657 1203 2740 apologeticae
1234 2657 1429 2727 defensionis

371 2766 489 2848 clypeo
518 2761 692 2825 retrmdens
722 2761 898 2844 strophosae
933 2760 1151 2825 accusationis
1180 2762 1360 2844 catapultas
1388 2763 1430 2829 de

372 2865 520 2929 falsitatis
549 2864 665 2927 faretra
692 2863 833 2947 prolatas
860 2862 896 2925 in
925 2861 1026 2945 ipsos,
1054 2861 1212 2945 aquibus
1242 2861 1432 2945 diriguntur,

373 2966 519 3044 retorsit3
553 2962 643 3048 quod
668 2974 777 3029 textus
802 2962 904 3025 libelli
929 2962 1087 3043 Eugenioe
1112 2962 1241 3028 uberius
1265 2964 1430 3047 explanat,

373 3065 649 3154 quemadmodum
684 3066 864 3149 antiquitus
891 3065 1084 3142 Susannam,
1113 3086 1187 3131 cum
1224 3065 1432 3133 fabricatores

372 3171 547 3235 falsitatum
570 3170 796 3255 potiusquam
811 3168 993 3251 Presbyteri
1015 3169 1220 3252 populorum,
1233 3192 1316 3255 quos
1338 3170 1430 3237 adul-

373 3275 482 3339 terinae
505 3273 698 3339 titillationis
721 3274 828 3339 calcar
852 3271 969 3335 incesti
991 3271 1121 3338 erimine
1143 3274 1341 3351 cruentabat,
1361 3272 1430 3339 dis·

372 3398 454 3443 anns
465 3396 650 3441 sermonum
669 3373 868 3457 procacitate
887 3374 1044 3439 fallaciter
1064 3372 1249 3442 insimulare
1264 3373 1423 3441 machina·

374 3491 493 3556 rentur,
515 3476 626 3543 densis
648 3476 792 3561 dirisque
817 3475 963 3558 lapidum
989 3474 1146 3539 imbribus
1172 3473 1279 3537 obruti
1299 3473 1429 3541 crudele

372 3583 485 3647 mortis
499 3580 721 3665 spectaculum
741 3578 967 3664 prmbuerunt;
1000 3588 1035 3641 ut
1054 3577 1165 3643 merito
1188 3575 1430 3659 Psalmographi

374 3684 535 3749 sententia
548 3681 590 3747 de
599 3693 805 3767 utrarumque
820 3680 983 3766 prosperis
993 3680 1065 3743 vitre
1080 3676 1285 3741 successibus
1300 3675 1431 3741 histori-

375 3788 467 3851 aliter
492 3784 652 3871 quadrare
680 3795 713 3847 et
737 3804 914 3864 congruere
944 3780 1110 3856 rideatur;
1144 3776 1290 3859 quamvis
1316 3775 1356 3843 de
1380 3798 1432 3841 re·

376 3885 543 3971 demptore
571 3883 748 3949 seeundum
779 3902 946 3964 anagogen
974 3878 1144 3944 rancinata
1167 3874 1331 3943 credatur:
1372 3876 1430 3941 Irr-

376 3992 593 4050 ssrreaerunt
612 3986 648 4047 in
673 4006 724 4047 me
747 3990 843 4047 testes
862 3981 982 4063 iniqui,
996 3986 1027 4041 et
1044 3978 1184 4043 mentita
1203 3982 1249 4039 est
1270 3978 1431 4060 iniquitas

375 4088 457 4161 rili,⁰
481 4097 515 4151 et
537 4084 630 4171 quasi
643 4106 703 4169 pro
718 4086 779 4149 hac
799 4081 1028 4147 calumniarum
1044 4076 1247 4151 contumelia,
1261 4098 1359 4159 quam
1380 4077 1429 4139 in·

377 4200 485 4253 sontes
512 4209 534 4253 a
563 4186 733 4251 fallacibus
763 4183 910 4259 tolerant,
938 4192 1014 4264 apta
1043 4175 1230 4243 vicissitudo
1267 4190 1433 4260 sequatur,

377 4289 548 4355 Psalmista
560 4291 608 4353 ita
620 4288 865 4373 promulgante:
897 4282 1003 4349 Credo
1018 4281 1125 4347 cidere
1139 4278 1222 4343 bora
1238 4280 1374 4347 Domini
1392 4283 1429 4345 irs

377 4397 464 4456 terro
479 4392 668 4456 siverriaco.

418 4496 522 4559 XLV.
543 4490 611 4557 Sed
626 4511 733 4575 operm
754 4488 890 4572 pretinm
905 4484 1041 4557 ridetur,
1058 4493 1092 4547 ut
1112 4482 1283 4565 gloriosum
1298 4481 1433 4551 illustris
