<?xml version="1.0" encoding="UTF-8"?>
<!DOCTYPE html PUBLIC "-//W3C//DTD XHTML 1.0 Transitional//EN"
    "http://www.w3.org/TR/xhtml1/DTD/xhtml1-transitional.dtd">
<html xmlns="http://www.w3.org/1999/xhtml" xml:lang="en" lang="en">
 <head>
  <title>
</title>
<meta http-equiv="Content-Type" content="text/html;charset=utf-8" />
  <meta name='ocr-system' content='tesseract 3.04.00' />
  <meta name='ocr-capabilities' content='ocr_page ocr_carea ocr_par ocr_line ocrx_word'/>
</head>
<body>
  <div class='ocr_page' id='page_1' title='image "./operaquextantom00aldhgoog_0215.png"; bbox 0 0 3759 5425; ppageno 0'>
   <div class='ocr_carea' id='block_1_1' title="bbox 673 707 1403 772">
    <p class='ocr_par' dir='ltr' id='par_1_1' title="bbox 673 707 1403 772">
     <span class='ocr_line' id='line_1_1' title="bbox 673 707 1403 772; baseline -0.003 -2"><span class='ocrx_word' id='word_1_1' title='bbox 673 721 1092 772; x_wconf 80' lang='lat' dir='ltr'><strong>nemunrnosrnaoruusr.</strong></span> <span class='ocrx_word' id='word_1_2' title='bbox 1344 707 1403 768; x_wconf 83' lang='grc'><strong>187</strong></span> 
     </span>
    </p>
   </div>
   <div class='ocr_carea' id='block_1_2' title="bbox 435 875 1338 4570">
    <p class='ocr_par' dir='ltr' id='par_1_2' title="bbox 449 875 1336 3583">
     <span class='ocr_line' id='line_1_2' title="bbox 453 875 1336 958; baseline 0 -19"><span class='ocrx_word' id='word_1_3' title='bbox 453 876 530 940; x_wconf 87' lang='lat' dir='ltr'><strong>Heu</strong></span> <span class='ocrx_word' id='word_1_4' title='bbox 544 875 670 940; x_wconf 86' lang='lat' dir='ltr'><strong>scelus!</strong></span> <span class='ocrx_word' id='word_1_5' title='bbox 694 887 730 940; x_wconf 90' lang='lat' dir='ltr'><strong>ut</strong></span> <span class='ocrx_word' id='word_1_6' title='bbox 744 877 907 942; x_wconf 73' lang='lat' dir='ltr'><strong>Christum</strong></span> <span class='ocrx_word' id='word_1_7' title='bbox 922 877 1064 942; x_wconf 87' lang='lat' dir='ltr'><strong>damnati</strong></span> <span class='ocrx_word' id='word_1_8' title='bbox 1079 895 1159 940; x_wconf 88' lang='lat' dir='ltr'><strong>voce</strong></span> <span class='ocrx_word' id='word_1_9' title='bbox 1173 887 1336 958; x_wconf 80' lang='lat' dir='ltr'><strong>negarent,</strong></span> 
     </span>
     <span class='ocr_line' id='line_1_3' title="bbox 450 977 1098 1063; baseline 0.003 -23"><span class='ocrx_word' id='word_1_10' title='bbox 450 977 482 1040; x_wconf 91' lang='lat' dir='ltr'>N</span> <span class='ocrx_word' id='word_1_11' title='bbox 483 980 605 1043; x_wconf 74' lang='lat' dir='ltr'><strong>olentes</strong></span> <span class='ocrx_word' id='word_1_12' title='bbox 618 989 724 1042; x_wconf 87' lang='lat' dir='ltr'><strong>autem</strong></span> <span class='ocrx_word' id='word_1_13' title='bbox 738 979 853 1043; x_wconf 88' lang='lat' dir='ltr'><strong>sectari</strong></span> <span class='ocrx_word' id='word_1_14' title='bbox 866 981 949 1044; x_wconf 90' lang='lat' dir='ltr'><strong>scita</strong></span> <span class='ocrx_word' id='word_1_15' title='bbox 960 980 1098 1063; x_wconf 82' lang='lat' dir='ltr'>tyranni,</span> 
     </span>
     <span class='ocr_line' id='line_1_4' title="bbox 452 1079 1268 1161; baseline 0.002 -20"><span class='ocrx_word' id='word_1_16' title='bbox 452 1079 481 1140; x_wconf 93' lang='lat'>0</span> <span class='ocrx_word' id='word_1_17' title='bbox 497 1099 594 1161; x_wconf 86' lang='lat' dir='ltr'><strong>qnam</strong></span> <span class='ocrx_word' id='word_1_18' title='bbox 608 1079 689 1142; x_wconf 87' lang='lat' dir='ltr'><strong>dura</strong></span> <span class='ocrx_word' id='word_1_19' title='bbox 701 1080 793 1143; x_wconf 90' lang='lat' dir='ltr'><strong>necis</strong></span> <span class='ocrx_word' id='word_1_20' title='bbox 807 1081 941 1161; x_wconf 78' lang='lat' dir='ltr'><strong>graviter</strong></span> <span class='ocrx_word' id='word_1_21' title='bbox 955 1089 1113 1143; x_wconf 86' lang='lat' dir='ltr'><strong>tormenta</strong></span> <span class='ocrx_word' id='word_1_22' title='bbox 1125 1080 1268 1156; x_wconf 87' lang='lat' dir='ltr'><strong>luebant,</strong></span> 
     </span>
     <span class='ocr_line' id='line_1_5' title="bbox 450 1178 1222 1265; baseline 0 -24"><span class='ocrx_word' id='word_1_23' title='bbox 450 1178 544 1244; x_wconf 90' lang='lat' dir='ltr'><strong>Tunc</strong></span> <span class='ocrx_word' id='word_1_24' title='bbox 557 1181 685 1244; x_wconf 75' lang='lat' dir='ltr'><strong>lustina</strong></span> <span class='ocrx_word' id='word_1_25' title='bbox 696 1191 787 1244; x_wconf 91' lang='lat' dir='ltr'><strong>tuum</strong></span> <span class='ocrx_word' id='word_1_26' title='bbox 802 1183 882 1245; x_wconf 87' lang='lat' dir='ltr'><strong>ferro</strong></span> <span class='ocrx_word' id='word_1_27' title='bbox 896 1201 1077 1265; x_wconf 75' lang='lat' dir='ltr'><strong>supponere</strong></span> <span class='ocrx_word' id='word_1_28' title='bbox 1092 1181 1222 1258; x_wconf 88' lang='lat' dir='ltr'><strong>collum,</strong></span> 
     </span>
     <span class='ocr_line' id='line_1_6' title="bbox 452 1279 1254 1362; baseline -0.002 -18"><span class='ocrx_word' id='word_1_29' title='bbox 452 1280 627 1362; x_wconf 79' lang='lat' dir='ltr'>Sanguinis</span> <span class='ocrx_word' id='word_1_30' title='bbox 642 1293 697 1346; x_wconf 90' lang='lat' dir='ltr'><strong>aut</strong></span> <span class='ocrx_word' id='word_1_31' title='bbox 709 1282 794 1346; x_wconf 88' lang='lat' dir='ltr'><strong>rivos</strong></span> <span class='ocrx_word' id='word_1_32' title='bbox 807 1303 874 1345; x_wconf 91' lang='lat' dir='ltr'><strong>non</strong></span> <span class='ocrx_word' id='word_1_33' title='bbox 887 1282 996 1346; x_wconf 87' lang='lat' dir='ltr'><strong>horret</strong></span> <span class='ocrx_word' id='word_1_34' title='bbox 1009 1279 1140 1345; x_wconf 84' lang='lat' dir='ltr'><strong>sundere</strong></span> <span class='ocrx_word' id='word_1_35' title='bbox 1155 1279 1254 1344; x_wconf 90' lang='lat' dir='ltr'><strong>libris.</strong></span> 
     </span>
     <span class='ocr_line' id='line_1_7' title="bbox 453 1380 1196 1466; baseline 0 -23"><span class='ocrx_word' id='word_1_36' title='bbox 453 1380 508 1443; x_wconf 83' lang='lat' dir='ltr'><strong>Sic</strong></span> <span class='ocrx_word' id='word_1_37' title='bbox 523 1381 659 1462; x_wconf 82' lang='lat' dir='ltr'><strong>geminis</strong></span> <span class='ocrx_word' id='word_1_38' title='bbox 674 1382 753 1445; x_wconf 70' lang='lat' dir='ltr'><strong>selis</strong></span> <span class='ocrx_word' id='word_1_39' title='bbox 768 1393 898 1446; x_wconf 86' lang='lat' dir='ltr'><strong>ornatur</strong></span> <span class='ocrx_word' id='word_1_40' title='bbox 912 1382 1002 1462; x_wconf 81' lang='lat' dir='ltr'><strong>virgo</strong></span> <span class='ocrx_word' id='word_1_41' title='bbox 1017 1381 1196 1466; x_wconf 81' lang='lat' dir='ltr'><strong>triumphis,</strong></span> 
     </span>
     <span class='ocr_line' id='line_1_8' title="bbox 450 1483 1261 1566; baseline -0.002 -20"><span class='ocrx_word' id='word_1_42' title='bbox 450 1484 596 1566; x_wconf 85' lang='lat' dir='ltr'><strong>Martyra</strong></span> <span class='ocrx_word' id='word_1_43' title='bbox 609 1505 684 1547; x_wconf 90' lang='lat' dir='ltr'><strong>cum</strong></span> <span class='ocrx_word' id='word_1_44' title='bbox 697 1484 797 1548; x_wconf 90' lang='lat' dir='ltr'><strong>roseis</strong></span> <span class='ocrx_word' id='word_1_45' title='bbox 810 1485 918 1548; x_wconf 90' lang='lat' dir='ltr'><strong>rubuit</strong></span> <span class='ocrx_word' id='word_1_46' title='bbox 931 1483 1111 1548; x_wconf 86' lang='lat' dir='ltr'><strong>veneranda</strong></span> <span class='ocrx_word' id='word_1_47' title='bbox 1125 1483 1261 1546; x_wconf 86' lang='lat' dir='ltr'><strong>coronis.</strong></span> 
     </span>
     <span class='ocr_line' id='line_1_9' title="bbox 450 1583 1158 1666; baseline 0.001 -19"><span class='ocrx_word' id='word_1_48' title='bbox 450 1583 598 1647; x_wconf 85' lang='lat' dir='ltr'><strong>Candida</strong></span> <span class='ocrx_word' id='word_1_49' title='bbox 610 1584 761 1666; x_wconf 81' lang='lat' dir='ltr'><strong>virgineis</strong></span> <span class='ocrx_word' id='word_1_50' title='bbox 774 1586 908 1649; x_wconf 87' lang='lat' dir='ltr'><strong>florebat</strong></span> <span class='ocrx_word' id='word_1_51' title='bbox 923 1586 1041 1650; x_wconf 84' lang='lat' dir='ltr'><strong>semina</strong></span> <span class='ocrx_word' id='word_1_52' title='bbox 1055 1585 1158 1661; x_wconf 84' lang='lat' dir='ltr'><strong>sertis,</strong></span> 
     </span>
     <span class='ocr_line' id='line_1_10' title="bbox 449 1684 1174 1769; baseline 0.004 -22"><span class='ocrx_word' id='word_1_53' title='bbox 449 1684 531 1748; x_wconf 89' lang='lat' dir='ltr'><strong>Cum</strong></span> <span class='ocrx_word' id='word_1_54' title='bbox 547 1705 613 1768; x_wconf 87' lang='lat' dir='ltr'><strong>qua</strong></span> <span class='ocrx_word' id='word_1_55' title='bbox 625 1684 767 1769; x_wconf 83' lang='lat' dir='ltr'><strong>martyrii</strong></span> <span class='ocrx_word' id='word_1_56' title='bbox 781 1687 895 1748; x_wconf 82' lang='lat' dir='ltr'><strong>menrit</strong></span> <span class='ocrx_word' id='word_1_57' title='bbox 908 1687 1027 1750; x_wconf 80' lang='lat' dir='ltr'><strong>vexilla</strong></span> <span class='ocrx_word' id='word_1_58' title='bbox 1041 1686 1174 1763; x_wconf 83' lang='lat' dir='ltr'><strong>cruenti,</strong></span> 
     </span>
     <span class='ocr_line' id='line_1_11' title="bbox 451 1785 1218 1870; baseline 0.003 -22"><span class='ocrx_word' id='word_1_59' title='bbox 451 1785 579 1849; x_wconf 86' lang='lat' dir='ltr'><strong>Crudus</strong></span> <span class='ocrx_word' id='word_1_60' title='bbox 593 1786 711 1850; x_wconf 82' lang='lat' dir='ltr'><strong>athleta</strong></span> <span class='ocrx_word' id='word_1_61' title='bbox 724 1787 789 1850; x_wconf 92' lang='lat' dir='ltr'><strong>Dei</strong></span> <span class='ocrx_word' id='word_1_62' title='bbox 803 1785 985 1870; x_wconf 80' lang='lat' dir='ltr'><strong>Cyprianus</strong></span> <span class='ocrx_word' id='word_1_63' title='bbox 999 1786 1071 1850; x_wconf 87' lang='lat' dir='ltr'><strong>suso</strong></span> <span class='ocrx_word' id='word_1_64' title='bbox 1086 1807 1218 1851; x_wconf 87' lang='lat' dir='ltr'><strong>cruore:</strong></span> 
     </span>
     <span class='ocr_line' id='line_1_12' title="bbox 453 1885 1234 1970; baseline 0.005 -22"><span class='ocrx_word' id='word_1_65' title='bbox 453 1885 572 1970; x_wconf 88' lang='lat' dir='ltr'><strong>Sicque</strong></span> <span class='ocrx_word' id='word_1_66' title='bbox 586 1887 654 1970; x_wconf 91' lang='lat' dir='ltr'><strong>poli</strong></span> <span class='ocrx_word' id='word_1_67' title='bbox 668 1887 785 1970; x_wconf 85' lang='lat' dir='ltr'><strong>pariter</strong></span> <span class='ocrx_word' id='word_1_68' title='bbox 799 1887 999 1953; x_wconf 76' lang='lat' dir='ltr'><strong>scandebant</strong></span> <span class='ocrx_word' id='word_1_69' title='bbox 1014 1887 1118 1954; x_wconf 84' lang='lat' dir='ltr'><strong>sidem</strong></span> <span class='ocrx_word' id='word_1_70' title='bbox 1131 1891 1234 1953; x_wconf 85' lang='lat' dir='ltr'><strong>sancti</strong></span> 
     </span>
     <span class='ocr_line' id='line_1_13' title="bbox 452 1987 1221 2072; baseline 0.005 -22"><span class='ocrx_word' id='word_1_71' title='bbox 452 1988 498 2051; x_wconf 91' lang='lat' dir='ltr'><strong>Ut</strong></span> <span class='ocrx_word' id='word_1_72' title='bbox 512 1987 649 2070; x_wconf 75' lang='lat' dir='ltr'><strong>praedira</strong></span> <span class='ocrx_word' id='word_1_73' title='bbox 661 1989 753 2053; x_wconf 89' lang='lat' dir='ltr'><strong>necis</strong></span> <span class='ocrx_word' id='word_1_74' title='bbox 766 1990 886 2072; x_wconf 89' lang='lat' dir='ltr'><strong>pariter</strong></span> <span class='ocrx_word' id='word_1_75' title='bbox 899 1999 1057 2054; x_wconf 85' lang='lat' dir='ltr'><strong>tormenta</strong></span> <span class='ocrx_word' id='word_1_76' title='bbox 1070 1992 1221 2054; x_wconf 82' lang='lat' dir='ltr'><strong>trrlerunt.</strong></span> 
     </span>
     <span class='ocr_line' id='line_1_14' title="bbox 492 2089 1198 2173; baseline 0.007 -21"><span class='ocrx_word' id='word_1_77' title='bbox 492 2089 677 2170; x_wconf 76' lang='lat' dir='ltr'><strong>Eugenium</strong></span> <span class='ocrx_word' id='word_1_78' title='bbox 690 2111 786 2173; x_wconf 87' lang='lat' dir='ltr'><strong>porro</strong></span> <span class='ocrx_word' id='word_1_79' title='bbox 801 2091 897 2155; x_wconf 89' lang='lat' dir='ltr'><strong>claris</strong></span> <span class='ocrx_word' id='word_1_80' title='bbox 910 2093 1072 2156; x_wconf 88' lang='lat' dir='ltr'><strong>natalibus</strong></span> <span class='ocrx_word' id='word_1_81' title='bbox 1086 2103 1198 2168; x_wconf 87' lang='lat' dir='ltr'><strong>ortam,</strong></span> 
     </span>
     <span class='ocr_line' id='line_1_15' title="bbox 453 2189 1311 2274; baseline 0.003 -21"><span class='ocrx_word' id='word_1_82' title='bbox 453 2189 622 2255; x_wconf 89' lang='lat' dir='ltr'><strong>Gemmam</strong></span> <span class='ocrx_word' id='word_1_83' title='bbox 637 2191 780 2274; x_wconf 78' lang='lat' dir='ltr'><strong>virgineo</strong></span> <span class='ocrx_word' id='word_1_84' title='bbox 794 2193 976 2256; x_wconf 76' lang='lat' dir='ltr'><strong>rutilantem</strong></span> <span class='ocrx_word' id='word_1_85' title='bbox 991 2204 1157 2258; x_wconf 86' lang='lat' dir='ltr'><strong>stemmate</strong></span> <span class='ocrx_word' id='word_1_86' title='bbox 1172 2197 1311 2272; x_wconf 86' lang='lat' dir='ltr'><strong>rubram,</strong></span> 
     </span>
     <span class='ocr_line' id='line_1_16' title="bbox 453 2291 1307 2380; baseline 0.007 -27"><span class='ocrx_word' id='word_1_87' title='bbox 453 2292 534 2363; x_wconf 88' lang='lat' dir='ltr'><strong>Quis</strong></span> <span class='ocrx_word' id='word_1_88' title='bbox 549 2291 646 2372; x_wconf 80' lang='lat' dir='ltr'><strong>digne</strong></span> <span class='ocrx_word' id='word_1_89' title='bbox 659 2292 812 2355; x_wconf 88' lang='lat' dir='ltr'><strong>indoctus</strong></span> <span class='ocrx_word' id='word_1_90' title='bbox 826 2303 995 2356; x_wconf 89' lang='lat' dir='ltr'><strong>metrorum</strong></span> <span class='ocrx_word' id='word_1_91' title='bbox 1011 2296 1156 2359; x_wconf 84' lang='lat' dir='ltr'><strong>versibus</strong></span> <span class='ocrx_word' id='word_1_92' title='bbox 1171 2317 1307 2380; x_wconf 87' lang='lat' dir='ltr'><strong>usquam</strong></span> 
     </span>
     <span class='ocr_line' id='line_1_17' title="bbox 451 2391 1225 2480; baseline 0.001 -23"><span class='ocrx_word' id='word_1_93' title='bbox 451 2394 608 2457; x_wconf 80' lang='lat' dir='ltr'><strong>Rusticus</strong></span> <span class='ocrx_word' id='word_1_94' title='bbox 621 2391 799 2476; x_wconf 85' lang='lat' dir='ltr'><strong>explanet?</strong></span> <span class='ocrx_word' id='word_1_95' title='bbox 823 2396 915 2480; x_wconf 89' lang='lat' dir='ltr'><strong>cujus</strong></span> <span class='ocrx_word' id='word_1_96' title='bbox 930 2397 1092 2478; x_wconf 85' lang='lat' dir='ltr'><strong>praeconie</strong></span> <span class='ocrx_word' id='word_1_97' title='bbox 1106 2397 1225 2480; x_wconf 88' lang='lat' dir='ltr'><strong>passim</strong></span> 
     </span>
     <span class='ocr_line' id='line_1_18' title="bbox 451 2495 1250 2572; baseline 0.005 -16"><span class='ocrx_word' id='word_1_98' title='bbox 451 2495 560 2558; x_wconf 84' lang='lat' dir='ltr'><strong>Laetns</strong></span> <span class='ocrx_word' id='word_1_99' title='bbox 574 2497 778 2558; x_wconf 83' lang='lat' dir='ltr'><strong>concelebrat</strong></span> <span class='ocrx_word' id='word_1_100' title='bbox 792 2497 852 2558; x_wconf 88' lang='lat' dir='ltr'><strong>sub</strong></span> <span class='ocrx_word' id='word_1_101' title='bbox 868 2496 943 2559; x_wconf 83' lang='lat' dir='ltr'><strong>ooeli</strong></span> <span class='ocrx_word' id='word_1_102' title='bbox 957 2495 1086 2560; x_wconf 86' lang='lat' dir='ltr'><strong>cardine</strong></span> <span class='ocrx_word' id='word_1_103' title='bbox 1101 2495 1250 2572; x_wconf 85' lang='lat' dir='ltr'><strong>mundus,</strong></span> 
     </span>
     <span class='ocr_line' id='line_1_19' title="bbox 451 2598 1228 2679; baseline 0 -21"><span class='ocrx_word' id='word_1_104' title='bbox 451 2599 556 2679; x_wconf 81' lang='lat' dir='ltr'><strong>Atque</strong></span> <span class='ocrx_word' id='word_1_105' title='bbox 570 2617 779 2678; x_wconf 86' lang='lat' dir='ltr'><strong>supernorum</strong></span> <span class='ocrx_word' id='word_1_106' title='bbox 793 2599 904 2660; x_wconf 90' lang='lat' dir='ltr'><strong>reboat</strong></span> <span class='ocrx_word' id='word_1_107' title='bbox 919 2598 1130 2660; x_wconf 85' lang='lat' dir='ltr'><strong>concentibus</strong></span> <span class='ocrx_word' id='word_1_108' title='bbox 1145 2599 1228 2661; x_wconf 90' lang='lat' dir='ltr'><strong>aula.</strong></span> 
     </span>
     <span class='ocr_line' id='line_1_20' title="bbox 451 2696 1209 2781; baseline 0.003 -22"><span class='ocrx_word' id='word_1_109' title='bbox 451 2696 603 2781; x_wconf 89' lang='lat' dir='ltr'><strong>Denique</strong></span> <span class='ocrx_word' id='word_1_110' title='bbox 617 2696 769 2780; x_wconf 89' lang='lat' dir='ltr'><strong>baptismi</strong></span> <span class='ocrx_word' id='word_1_111' title='bbox 783 2696 927 2760; x_wconf 91' lang='lat' dir='ltr'><strong>nondum</strong></span> <span class='ocrx_word' id='word_1_112' title='bbox 943 2697 1104 2760; x_wconf 90' lang='lat' dir='ltr'><strong>cunabula</strong></span> <span class='ocrx_word' id='word_1_113' title='bbox 1119 2718 1209 2761; x_wconf 88' lang='lat' dir='ltr'><strong>sacra</strong></span> 
     </span>
     <span class='ocr_line' id='line_1_21' title="bbox 452 2797 1223 2881; baseline -0.003 -18"><span class='ocrx_word' id='word_1_114' title='bbox 452 2798 640 2881; x_wconf 88' lang='lat' dir='ltr'><strong>Suspiciens</strong></span> <span class='ocrx_word' id='word_1_115' title='bbox 655 2797 817 2861; x_wconf 87' lang='lat' dir='ltr'><strong>Christum</strong></span> <span class='ocrx_word' id='word_1_116' title='bbox 832 2798 914 2860; x_wconf 91' lang='lat' dir='ltr'><strong>miro</strong></span> <span class='ocrx_word' id='word_1_117' title='bbox 929 2807 1092 2859; x_wconf 82' lang='lat' dir='ltr'><strong>veneratur</strong></span> <span class='ocrx_word' id='word_1_118' title='bbox 1106 2816 1223 2875; x_wconf 88' lang='lat' dir='ltr'><strong>amore,</strong></span> 
     </span>
     <span class='ocr_line' id='line_1_22' title="bbox 453 2897 1320 2981; baseline 0.001 -21"><span class='ocrx_word' id='word_1_119' title='bbox 453 2900 495 2960; x_wconf 91' lang='lat' dir='ltr'><strong>ln</strong></span> <span class='ocrx_word' id='word_1_120' title='bbox 508 2909 644 2972; x_wconf 87' lang='lat' dir='ltr'><strong>tantum,</strong></span> <span class='ocrx_word' id='word_1_121' title='bbox 660 2908 696 2959; x_wconf 91' lang='lat' dir='ltr'><strong>ut</strong></span> <span class='ocrx_word' id='word_1_122' title='bbox 710 2898 857 2981; x_wconf 87' lang='lat' dir='ltr'><strong>proprios</strong></span> <span class='ocrx_word' id='word_1_123' title='bbox 872 2897 1041 2960; x_wconf 87' lang='lat' dir='ltr'><strong>demsissot</strong></span> <span class='ocrx_word' id='word_1_124' title='bbox 1055 2899 1172 2961; x_wconf 81' lang='lat' dir='ltr'><strong>semina</strong></span> <span class='ocrx_word' id='word_1_125' title='bbox 1187 2898 1320 2973; x_wconf 86' lang='lat' dir='ltr'><strong>crines,¹</strong></span> 
     </span>
     <span class='ocr_line' id='line_1_23' title="bbox 451 3000 1177 3081; baseline 0.003 -19"><span class='ocrx_word' id='word_1_126' title='bbox 451 3000 589 3062; x_wconf 81' lang='lat' dir='ltr'><strong>Caesarie</strong></span> <span class='ocrx_word' id='word_1_127' title='bbox 605 3007 711 3081; x_wconf 87' lang='lat' dir='ltr'><strong>spreta</strong></span> <span class='ocrx_word' id='word_1_128' title='bbox 725 3019 855 3062; x_wconf 88' lang='lat' dir='ltr'><strong>sumens</strong></span> <span class='ocrx_word' id='word_1_129' title='bbox 869 3000 1033 3079; x_wconf 85' lang='lat' dir='ltr'><strong>signacula</strong></span> <span class='ocrx_word' id='word_1_130' title='bbox 1048 3000 1177 3078; x_wconf 87' lang='lat' dir='ltr'><strong>Christi,</strong></span> 
     </span>
     <span class='ocr_line' id='line_1_24' title="bbox 449 3099 1188 3181; baseline 0.003 -18"><span class='ocrx_word' id='word_1_131' title='bbox 449 3102 497 3163; x_wconf 85' lang='lat' dir='ltr'><strong>Ac</strong></span> <span class='ocrx_word' id='word_1_132' title='bbox 512 3120 626 3163; x_wconf 88' lang='lat' dir='ltr'><strong>sexum</strong></span> <span class='ocrx_word' id='word_1_133' title='bbox 641 3099 806 3176; x_wconf 87' lang='lat' dir='ltr'><strong>simulans,</strong></span> <span class='ocrx_word' id='word_1_134' title='bbox 820 3111 930 3181; x_wconf 86' lang='lat' dir='ltr'><strong>posset</strong></span> <span class='ocrx_word' id='word_1_135' title='bbox 945 3110 1074 3163; x_wconf 85' lang='lat' dir='ltr'><strong>tonsura</strong></span> <span class='ocrx_word' id='word_1_136' title='bbox 1090 3102 1188 3165; x_wconf 84' lang='lat' dir='ltr'><strong>virilis</strong></span> 
     </span>
     <span class='ocr_line' id='line_1_25' title="bbox 451 3198 1172 3265; baseline 0.003 -3"><span class='ocrx_word' id='word_1_137' title='bbox 451 3201 525 3264; x_wconf 89' lang='lat' dir='ltr'><strong>Hac</strong></span> <span class='ocrx_word' id='word_1_138' title='bbox 540 3201 661 3263; x_wconf 89' lang='lat' dir='ltr'><strong>ratione</strong></span> <span class='ocrx_word' id='word_1_139' title='bbox 676 3198 750 3261; x_wconf 88' lang='lat' dir='ltr'><strong>rudi</strong></span> <span class='ocrx_word' id='word_1_140' title='bbox 764 3198 811 3263; x_wconf 90' lang='lat' dir='ltr'><strong>sic</strong></span> <span class='ocrx_word' id='word_1_141' title='bbox 826 3201 986 3263; x_wconf 88' lang='lat' dir='ltr'><strong>occultare</strong></span> <span class='ocrx_word' id='word_1_142' title='bbox 1000 3202 1172 3265; x_wconf 89' lang='lat' dir='ltr'><strong>latentem:</strong></span> 
     </span>
     <span class='ocr_line' id='line_1_26' title="bbox 451 3300 1273 3386; baseline 0.004 -24"><span class='ocrx_word' id='word_1_143' title='bbox 451 3302 600 3383; x_wconf 88' lang='lat' dir='ltr'><strong>Namque</strong></span> <span class='ocrx_word' id='word_1_144' title='bbox 613 3318 741 3363; x_wconf 90' lang='lat' dir='ltr'><strong>crucem</strong></span> <span class='ocrx_word' id='word_1_145' title='bbox 757 3300 890 3361; x_wconf 88' lang='lat' dir='ltr'><strong>Domini</strong></span> <span class='ocrx_word' id='word_1_146' title='bbox 904 3301 1029 3365; x_wconf 87' lang='lat' dir='ltr'><strong>sincera</strong></span> <span class='ocrx_word' id='word_1_147' title='bbox 1044 3316 1149 3366; x_wconf 88' lang='lat' dir='ltr'><strong>mente</strong></span> <span class='ocrx_word' id='word_1_148' title='bbox 1165 3306 1273 3386; x_wconf 84' lang='lat' dir='ltr'><strong>virago</strong></span> 
     </span>
     <span class='ocr_line' id='line_1_27' title="bbox 452 3400 1311 3487; baseline 0 -23"><span class='ocrx_word' id='word_1_149' title='bbox 452 3400 695 3464; x_wconf 83' lang='lat' dir='ltr'><strong>Gratulabunda</strong></span> <span class='ocrx_word' id='word_1_150' title='bbox 709 3401 828 3463; x_wconf 86' lang='lat' dir='ltr'><strong>vehens</strong></span> <span class='ocrx_word' id='word_1_151' title='bbox 841 3402 1023 3465; x_wconf 84' lang='lat' dir='ltr'><strong>basternam</strong></span> <span class='ocrx_word' id='word_1_152' title='bbox 1037 3402 1157 3487; x_wconf 90' lang='lat' dir='ltr'><strong>linquit</strong></span> <span class='ocrx_word' id='word_1_153' title='bbox 1170 3405 1311 3478; x_wconf 85' lang='lat' dir='ltr'><strong>inanem,</strong></span> 
     </span>
     <span class='ocr_line' id='line_1_28' title="bbox 450 3500 1215 3583; baseline 0.004 -20"><span class='ocrx_word' id='word_1_154' title='bbox 450 3502 582 3582; x_wconf 83' lang='lat' dir='ltr'><strong>Pergere</strong></span> <span class='ocrx_word' id='word_1_155' title='bbox 598 3522 672 3563; x_wconf 89' lang='lat' dir='ltr'><strong>cnm</strong></span> <span class='ocrx_word' id='word_1_156' title='bbox 687 3500 794 3582; x_wconf 87' lang='lat' dir='ltr'><strong>pueris</strong></span> <span class='ocrx_word' id='word_1_157' title='bbox 809 3511 896 3564; x_wconf 85' lang='lat' dir='ltr'><strong>astus</strong></span> <span class='ocrx_word' id='word_1_158' title='bbox 911 3521 994 3583; x_wconf 90' lang='lat' dir='ltr'><strong>qnos</strong></span> <span class='ocrx_word' id='word_1_159' title='bbox 1009 3512 1074 3565; x_wconf 89' lang='lat' dir='ltr'><strong>arte</strong></span> <span class='ocrx_word' id='word_1_160' title='bbox 1089 3504 1215 3579; x_wconf 86' lang='lat' dir='ltr'><strong>refellit,</strong></span> 
     </span>
    </p>

    <p class='ocr_par' dir='ltr' id='par_1_3' title="bbox 435 3600 1281 3980">
     <span class='ocr_line' id='line_1_29' title="bbox 435 3600 1208 3686; baseline 0 -21"><span class='ocrx_word' id='word_1_161' title='bbox 435 3600 439 3605; x_wconf 82' lang='grc'>’</span> <span class='ocrx_word' id='word_1_162' title='bbox 451 3604 499 3665; x_wconf 92' lang='lat' dir='ltr'><strong>Ut</strong></span> <span class='ocrx_word' id='word_1_163' title='bbox 511 3622 651 3666; x_wconf 87' lang='lat' dir='ltr'><strong>remeare</strong></span> <span class='ocrx_word' id='word_1_164' title='bbox 665 3615 762 3683; x_wconf 91' lang='lat' dir='ltr'><strong>queat</strong></span> <span class='ocrx_word' id='word_1_165' title='bbox 775 3603 917 3686; x_wconf 86' lang='lat' dir='ltr'><strong>prudeus</strong></span> <span class='ocrx_word' id='word_1_166' title='bbox 931 3622 990 3686; x_wconf 87' lang='lat' dir='ltr'><strong>per</strong></span> <span class='ocrx_word' id='word_1_167' title='bbox 1003 3602 1095 3665; x_wconf 83' lang='lat' dir='ltr'><strong>deria</strong></span> <span class='ocrx_word' id='word_1_168' title='bbox 1110 3605 1208 3684; x_wconf 84' lang='lat' dir='ltr'><strong>virgo.</strong></span> 
     </span>
     <span class='ocr_line' id='line_1_30' title="bbox 451 3702 1274 3785; baseline -0.002 -20"><span class='ocrx_word' id='word_1_169' title='bbox 451 3702 605 3765; x_wconf 86' lang='lat' dir='ltr'><strong>Passibus</strong></span> <span class='ocrx_word' id='word_1_170' title='bbox 619 3710 652 3765; x_wconf 89' lang='lat' dir='ltr'><strong>et</strong></span> <span class='ocrx_word' id='word_1_171' title='bbox 665 3702 811 3785; x_wconf 89' lang='lat' dir='ltr'><strong>properis</strong></span> <span class='ocrx_word' id='word_1_172' title='bbox 825 3714 1007 3766; x_wconf 87' lang='lat' dir='ltr'><strong>sanctorum</strong></span> <span class='ocrx_word' id='word_1_173' title='bbox 1020 3702 1132 3764; x_wconf 90' lang='lat' dir='ltr'><strong>limina</strong></span> <span class='ocrx_word' id='word_1_174' title='bbox 1145 3704 1274 3777; x_wconf 87' lang='lat' dir='ltr'><strong>lustrat;</strong></span> 
     </span>
     <span class='ocr_line' id='line_1_31' title="bbox 452 3802 1281 3886; baseline -0.004 -21"><span class='ocrx_word' id='word_1_175' title='bbox 452 3804 709 3885; x_wconf 77' lang='lat' dir='ltr'><strong>pontificemque</strong></span> <span class='ocrx_word' id='word_1_176' title='bbox 724 3814 839 3886; x_wconf 88' lang='lat' dir='ltr'><strong>petens</strong></span> <span class='ocrx_word' id='word_1_177' title='bbox 852 3802 1003 3885; x_wconf 86' lang='lat' dir='ltr'><strong>baptismi</strong></span> <span class='ocrx_word' id='word_1_178' title='bbox 1018 3803 1108 3864; x_wconf 88' lang='lat' dir='ltr'><strong>lucra</strong></span> <span class='ocrx_word' id='word_1_179' title='bbox 1122 3812 1281 3884; x_wconf 81' lang='lat' dir='ltr'><strong>capessat.</strong></span> 
     </span>
     <span class='ocr_line' id='line_1_32' title="bbox 452 3902 1183 3980; baseline 0 -15"><span class='ocrx_word' id='word_1_180' title='bbox 452 3902 601 3967; x_wconf 87' lang='lat' dir='ltr'><strong>Protinus</strong></span> <span class='ocrx_word' id='word_1_181' title='bbox 615 3902 656 3967; x_wconf 87' lang='lat' dir='ltr'><strong>ad</strong></span> <span class='ocrx_word' id='word_1_182' title='bbox 671 3903 766 3966; x_wconf 84' lang='lat' dir='ltr'><strong>sedes</strong></span> <span class='ocrx_word' id='word_1_183' title='bbox 781 3902 868 3966; x_wconf 79' lang='lat' dir='ltr'><strong>venit</strong></span> <span class='ocrx_word' id='word_1_184' title='bbox 882 3903 1032 3965; x_wconf 85' lang='lat' dir='ltr'><strong>basterna</strong></span> <span class='ocrx_word' id='word_1_185' title='bbox 1045 3902 1183 3980; x_wconf 88' lang='lat' dir='ltr'><strong>relictas,</strong></span> 
     </span>
    </p>

    <p class='ocr_par' dir='ltr' id='par_1_4' title="bbox 452 4002 1338 4180">
     <span class='ocr_line' id='line_1_33' title="bbox 453 4002 1338 4087; baseline -0.002 -20"><span class='ocrx_word' id='word_1_186' title='bbox 453 4005 556 4075; x_wconf 88' lang='lat' dir='ltr'><strong>Quam</strong></span> <span class='ocrx_word' id='word_1_187' title='bbox 572 4014 609 4067; x_wconf 91' lang='lat' dir='ltr'><strong>ut</strong></span> <span class='ocrx_word' id='word_1_188' title='bbox 622 4022 747 4066; x_wconf 89' lang='lat' dir='ltr'><strong>crevere</strong></span> <span class='ocrx_word' id='word_1_189' title='bbox 763 4002 857 4065; x_wconf 91' lang='lat' dir='ltr'><strong>simul</strong></span> <span class='ocrx_word' id='word_1_190' title='bbox 873 4012 1012 4085; x_wconf 87' lang='lat' dir='ltr'><strong>spretam</strong></span> <span class='ocrx_word' id='word_1_191' title='bbox 1028 4023 1165 4067; x_wconf 87' lang='lat' dir='ltr'><strong>remeare</strong></span> <span class='ocrx_word' id='word_1_192' title='bbox 1180 4010 1338 4087; x_wconf 80' lang='lat' dir='ltr'><strong>parentes,</strong></span> 
     </span>
     <span class='ocr_line' id='line_1_34' title="bbox 452 4102 1165 4180; baseline -0.001 -14"><span class='ocrx_word' id='word_1_193' title='bbox 452 4103 588 4168; x_wconf 88' lang='lat' dir='ltr'><strong>Pectora</strong></span> <span class='ocrx_word' id='word_1_194' title='bbox 602 4103 724 4166; x_wconf 81' lang='lat' dir='ltr'><strong>serratis</strong></span> <span class='ocrx_word' id='word_1_195' title='bbox 737 4103 902 4180; x_wconf 81' lang='lat' dir='ltr'><strong>riguerunt</strong></span> <span class='ocrx_word' id='word_1_196' title='bbox 915 4102 1058 4165; x_wconf 87' lang='lat' dir='ltr'><strong>marcida</strong></span> <span class='ocrx_word' id='word_1_197' title='bbox 1072 4104 1165 4166; x_wconf 86' lang='lat' dir='ltr'><strong>curis.</strong></span> 
     </span>
    </p>

    <p class='ocr_par' dir='ltr' id='par_1_5' title="bbox 452 4203 1178 4268">
     <span class='ocr_line' id='line_1_35' title="bbox 452 4203 1178 4268; baseline 0.001 -2"><span class='ocrx_word' id='word_1_198' title='bbox 452 4204 595 4268; x_wconf 85' lang='lat' dir='ltr'><strong>Plurima</strong></span> <span class='ocrx_word' id='word_1_199' title='bbox 609 4215 685 4266; x_wconf 91' lang='lat' dir='ltr'><strong>tnnc</strong></span> <span class='ocrx_word' id='word_1_200' title='bbox 701 4204 797 4267; x_wconf 86' lang='lat' dir='ltr'><strong>etiem</strong></span> <span class='ocrx_word' id='word_1_201' title='bbox 812 4204 945 4266; x_wconf 83' lang='lat' dir='ltr'><strong>sortuuae</strong></span> <span class='ocrx_word' id='word_1_202' title='bbox 962 4203 1089 4266; x_wconf 87' lang='lat' dir='ltr'><strong>casibus</strong></span> <span class='ocrx_word' id='word_1_203' title='bbox 1105 4216 1178 4267; x_wconf 86' lang='lat' dir='ltr'><strong>acta</strong></span> 
     </span>
    </p>

    <p class='ocr_par' dir='ltr' id='par_1_6' title="bbox 452 4304 1308 4570">
     <span class='ocr_line' id='line_1_36' title="bbox 453 4304 1308 4387; baseline 0.001 -22"><span class='ocrx_word' id='word_1_204' title='bbox 453 4304 574 4366; x_wconf 89' lang='lat' dir='ltr'><strong>Turma</strong></span> <span class='ocrx_word' id='word_1_205' title='bbox 587 4304 842 4387; x_wconf 90' lang='lat' dir='ltr'><strong>propinquorum</strong></span> <span class='ocrx_word' id='word_1_206' title='bbox 858 4314 990 4385; x_wconf 82' lang='lat' dir='ltr'><strong>questus</strong></span> <span class='ocrx_word' id='word_1_207' title='bbox 1005 4324 1023 4364; x_wconf 86' lang='lat' dir='ltr'><strong>e</strong></span> <span class='ocrx_word' id='word_1_208' title='bbox 1037 4314 1166 4384; x_wconf 85' lang='lat' dir='ltr'><strong>pectore</strong></span> <span class='ocrx_word' id='word_1_209' title='bbox 1183 4304 1308 4386; x_wconf 86' lang='lat' dir='ltr'><strong>promit,</strong></span> 
     </span>
     <span class='ocr_line' id='line_1_37' title="bbox 454 4401 1211 4489; baseline -0.003 -22"><span class='ocrx_word' id='word_1_210' title='bbox 454 4403 608 4489; x_wconf 83' lang='lat' dir='ltr'><strong>Salsaquc</strong></span> <span class='ocrx_word' id='word_1_211' title='bbox 622 4404 784 4489; x_wconf 85' lang='lat' dir='ltr'><strong>palpebris</strong></span> <span class='ocrx_word' id='word_1_212' title='bbox 798 4402 935 4467; x_wconf 81' lang='lat' dir='ltr'><strong>effundit</strong></span> <span class='ocrx_word' id='word_1_213' title='bbox 950 4401 1081 4465; x_wconf 86' lang='lat' dir='ltr'><strong>flumina</strong></span> <span class='ocrx_word' id='word_1_214' title='bbox 1094 4405 1211 4479; x_wconf 88' lang='lat' dir='ltr'><strong>luctus,</strong></span> 
     </span>
     <span class='ocr_line' id='line_1_38' title="bbox 452 4498 1190 4570; baseline -0.003 -1"><span class='ocrx_word' id='word_1_215' title='bbox 452 4508 569 4570; x_wconf 87' lang='lat' dir='ltr'><strong>Tristia</strong></span> <span class='ocrx_word' id='word_1_216' title='bbox 584 4506 721 4570; x_wconf 88' lang='lat' dir='ltr'><strong>rorifluis</strong></span> <span class='ocrx_word' id='word_1_217' title='bbox 735 4506 925 4568; x_wconf 88' lang='lat' dir='ltr'><strong>humectans</strong></span> <span class='ocrx_word' id='word_1_218' title='bbox 940 4503 1095 4567; x_wconf 89' lang='lat' dir='ltr'><strong>imbribus</strong></span> <span class='ocrx_word' id='word_1_219' title='bbox 1110 4498 1190 4569; x_wconf 53' lang='lat' dir='ltr'><strong>ora(</strong></span> 
     </span>
    </p>
   </div>
   <div class='ocr_carea' id='block_1_3' title="bbox 0 0 1887 5425">
    <p class='ocr_par' dir='ltr' id='par_1_7' title="bbox 0 0 1887 5425">
     <span class='ocr_line' id='line_1_39' title="bbox 0 0 1887 5425; baseline 0 0"><span class='ocrx_word' id='word_1_220' title='bbox 0 0 1887 5425; x_wconf 95' lang='lat' dir='ltr'><strong> </strong></span> 
     </span>
    </p>
   </div>
  </div>
 </body>
</html>
