3759 5425
713 723 1130 774 nnmunrnusvrnorrrnrr.
1388 707 1443 766 181

486 872 641 959 Undique
656 877 810 941 vallantes
824 876 925 941 densa
939 878 1089 960 cingente
1103 897 1231 941 corona

483 974 544 1037 Ast
557 974 613 1038 ille
626 976 761 1041 infestos
775 976 933 1061 dispergit
947 976 1042 1042 dente
1056 979 1223 1054 molossos,

485 1073 533 1138 Et
546 1075 613 1138 voti
627 1096 763 1161 compos
775 1077 860 1141 saltu
873 1077 1020 1159 regnarit
1032 1077 1068 1140 in
1083 1078 1159 1142 alto.

526 1176 602 1239 lam
616 1197 704 1241 nuno
717 1179 873 1242 almorum
888 1176 1053 1262 descripta
1066 1176 1162 1241 laude
1178 1178 1327 1256 virorum,

485 1274 638 1340 Candida
650 1277 817 1360 virginitas
831 1276 977 1342 Paradisi
992 1298 1068 1343 cara
1081 1278 1216 1356 colonis,

484 1375 568 1448 Quis
583 1376 685 1456 dedit,
698 1385 736 1441 ut
749 1377 891 1442 mundus
905 1379 1046 1442 celebret
1059 1379 1222 1462 praeconia
1234 1390 1351 1456 vestus,

484 1475 651 1560 Supremis
665 1477 771 1543 donee
785 1480 950 1543 solvantur
964 1479 1083 1543 saecula
1095 1477 1254 1543 flammis?

485 1578 575 1641 Duru
589 1579 690 1643 colles
705 1590 741 1643 ut
753 1600 828 1644 cera
840 1580 958 1657 fluunt,
973 1581 1135 1664 saltusque
1149 1580 1317 1644 fatiscunt:

488 1677 560 1740 Iuro
573 1687 649 1761 post
661 1678 818 1743 mundum
832 1700 907 1743 cunr
920 1687 1006 1743 esset
1019 1682 1132 1763 cyclus
1146 1681 1279 1764 olympi,

487 1777 615 1842 Clarius
629 1790 703 1844 ante
718 1781 869 1844 thronum
883 1790 1067 1844 sauctorum
1082 1789 1167 1844 serta
1179 1781 1351 1845 nitescunt.

527 1879 671 1964 Tempus
685 1880 778 1944 adest
791 1901 900 1944 sacras
913 1880 1022 1945 metris
1038 1883 1167 1963 vulgare
1182 1882 1324 1966 puellas:

486 1979 633 2051 Qualiter
644 1979 809 2062 integritas
821 1980 973 2045 virtutum
989 1982 1117 2045 culmen
1132 1981 1258 2065 adeptis

489 2079 677 2162 Virginibus
691 2079 817 2145 dederit
830 2081 951 2146 nitidas
965 2091 1088 2163 gestare
1104 2103 1249 2148 coronae

489 2183 633 2248 Delicias
646 2183 736 2248 saecli
750 2204 823 2266 quae
838 2193 984 2247 temnunt
998 2182 1095 2247 corde
1109 2184 1267 2268 profanas

489 2282 615 2348 Foetida
628 2303 817 2366 pomparum
831 2283 1013 2367 linquentes
1027 2283 1145 2364 gaudia
1160 2293 1298 2357 sontum,

490 2385 538 2448 Ut
551 2384 726 2451 Dominum
740 2385 824 2447 lucis
837 2383 956 2448 devota
970 2395 1075 2449 mente
1092 2395 1276 2468 sequautur,

490 2485 629 2567 Agnum,
643 2484 787 2566 virginea
801 2485 914 2568 spissis
928 2506 1003 2549 cum
1018 2485 1097 2549 forte
1112 2485 1247 2550 catervis

489 2584 598 2671 Stipat
610 2586 646 2649 in
660 2585 791 2649 aetherio
806 2586 960 2649 coelorum
976 2586 1116 2650 culmine
1132 2594 1245 2662 turma,

491 2686 537 2750 Et
551 2707 630 2768 grex
644 2678 721 2751 cum
735 2695 862 2772 pastore
875 2686 931 2771 pio
946 2685 1121 2769 gratabitur
1135 2687 1238 2765 albus,

492 2786 665 2871 Purpureis
678 2798 813 2851 vernant
827 2808 892 2872 qua
905 2787 1014 2870 campi
1028 2787 1162 2850 floribus
1176 2808 1260 2851 arra.

490 2888 536 2951 Et
548 2889 646 2973 lupus
660 2888 828 2952 horrendis
841 2909 907 2952 non
923 2886 1048 2951 frendet
1062 2886 1214 2952 dentibus
1228 2898 1329 2951 atrox.

490 2988 617 3053 Pascua
630 3010 691 3054 nec
706 3000 825 3053 norunt
839 2987 978 3052 crudelis
993 2988 1111 3052 demna
1123 2990 1274 3054 latronis:

490 3089 557 3153 Sed
570 3090 662 3173 pacis
671 3089 792 3175 jugiter
806 3110 923 3174 perpes
937 3088 1110 3153 concordia
1122 3100 1244 3171 regnat.

534 3191 632 3254 Nunc
647 3190 745 3273 igitur
760 3200 849 3255 casto
863 3211 997 3255 veneror
1011 3211 1135 3253 rumore
1150 3191 1298 3253 Mariam.

491 3291 644 3355 Versibus
658 3290 817 3374 egregiam
832 3291 918 3354 nitor
930 3289 1063 3354 laudare
1078 3291 1230 3373 puellam,

492 3392 555 3457 cai
568 3391 707 3457 mundus
721 3392 836 3455 merito
850 3392 994 3455 celebrat
1009 3391 1172 3475 preconia
1186 3402 1283 3467 totus,

491 3494 573 3565 Quae
590 3491 650 3556 tuit
663 3491 766 3556 lsrael
782 3493 870 3555 claro
885 3490 926 3553 de
940 3492 1083 3572 germine
1098 3490 1202 3572 gentis

491 3595 697 3676 Desponsata
709 3613 808 3675 proco
823 3591 975 3656 foecunda
989 3612 1143 3675 puerpera
1156 3592 1257 3673 virgo.

491 3692 558 3757 Sed
571 3694 662 3756 Deus
676 3691 881 3775 omnipotens
895 3690 1041 3775 quadrati
1057 3690 1206 3755 conditor
1219 3691 1315 3769 orbis,

492 3794 521 3856 A
536 3814 602 3877 quo
615 3791 773 3875 processit
786 3790 953 3874 praesentis
968 3790 1119 3854 machina
1132 3792 1263 3855 mundi:

492 3892 555 3957 coi
568 3900 692 3957 secreta
705 3899 817 3976 patent
831 3911 874 3954 ex
888 3892 953 3955 alto
969 3890 1106 3953 culmine
1122 3901 1259 3955 cuncta:

490 3992 619 4078 erique
633 3995 781 4058 abstrusa
794 4013 854 4057 suo
867 3993 1038 4076 perlustrat
1050 3992 1172 4057 lumina
1187 4002 1277 4071 tetra,

492 4094 635 4177 Virginis
649 4094 839 4157 intemerata
853 4090 966 4156 videns
980 4090 1158 4175 precordia
1173 4101 1281 4171 caste,

492 4195 610 4258 Maluit
623 4200 660 4257 ut
673 4194 796 4278 prolem
810 4192 989 4277 peperisset
1002 4212 1098 4273 vergo
1113 4212 1281 4276 supernam

490 4293 630 4359 Sordida
644 4314 716 4379 quoe
732 4294 865 4357 veniens
880 4292 1049 4356 demsisset
1063 4292 1199 4357 crimina
1213 4294 1336 4373 mundi,

491 4396 580 4459 Dum
595 4395 730 4459 delubra
743 4393 834 4459 dedit
848 4394 990 4470 Christo,
1007 4401 1102 4475 atque
1118 4395 1238 4459 sacella
1252 4396 1392 4479 pudoris.

489 4498 572 4571 Mor
588 4497 700 4578 gennit
713 4516 821 4559 verum
836 4493 944 4561 lumen
961 4494 1135 4559 delumine
1151 4496 1259 4579 patris,
