3759 5425
645 666 687 712 DE
703 665 870 712 Leonteus
885 665 1123 713 vnttttrttra‘ns.
1367 660 1409 718 28

355 821 586 886 sublimitatem
617 819 763 884 centenis
788 839 828 884 ac
853 820 997 903 septenis
1019 819 1170 904 pedibus,
1191 823 1225 886 in
1246 825 1313 888 alto
1336 845 1409 908 por·

353 933 473 986 reetarn
495 923 550 986 bis
570 923 695 986 tricena
716 921 898 986 cubitorum
928 923 1120 1006 proceritate
1149 926 1310 1004 vincebat,
1333 927 1412 992 licet

352 1022 532 1086 horrendus
548 1023 705 1106 salpicum
720 1023 854 1104 clangor
875 1022 1082 1105 increpuerit,
1097 1036 1130 1087 et
1144 1025 1268 1090 musica
1282 1028 1410 1090 sambu-

351 1145 462 1187 corum
486 1125 653 1188 harmonia
682 1125 862 1207 persultans
892 1124 1078 1188 insonuerit.
1123 1125 1294 1209 Simulque
1316 1129 1407 1192 llam·

351 1227 495 1290 mivoma
509 1227 628 1290 camini
640 1225 794 1289 incendia
808 1235 977 1310 naptarum
988 1227 1101 1290 fomite
1114 1240 1409 1314 sarmentorumque

352 1329 527 1393 nutrimine
544 1349 700 1393 succensa
717 1327 896 1392 terribiliter
918 1329 1098 1409 torruerint,
1113 1330 1209 1394 flexis
1229 1330 1410 1414 poplitibus

352 1434 520 1516 suspicere
546 1432 798 1512 refragabantur,
817 1441 849 1494 et
873 1452 932 1513 pro
956 1431 1128 1494 inflexibili
1153 1432 1265 1514 rigidae
1291 1433 1409 1496 mentis

352 1535 539 1598 constantia
557 1533 707 1615 angelico
732 1533 804 1597 sulti
824 1532 977 1614 suffragio
998 1533 1163 1598 ambustas
1182 1534 1322 1599 malleoli
1342 1556 1408 1598 nra-

352 1635 469 1698 cbinas
483 1635 742 1718 crepitantesque
758 1633 878 1696 clibani
894 1634 1008 1713 globos
1022 1632 1088 1697 fide
1103 1635 1222 1698 invicta
1236 1636 1392 1699 vicerunt„

397 1736 512 1799 XXII.
535 1733 602 1798 Sed
624 1732 703 1818 quid
723 1733 758 1795 in
773 1731 932 1794 veteribus
952 1730 1038 1808 viris,
1053 1731 1171 1815 quibus
1189 1731 1305 1816 priscae
1326 1733 1408 1814 legis

351 1836 485 1900 licentia
504 1835 665 1918 nuptiales
687 1832 898 1896 thalamorum
922 1831 1058 1913 copules
1080 1851 1139 1913 pro
1159 1845 1314 1914 nepotum
1334 1853 1408 1915 pro·

351 1939 444 2024 sapia
467 1951 501 2002 et
524 1949 725 2021 posterorum
749 1933 901 2019 progenie
931 1935 1139 2018 propaganda
1164 1938 1339 2001 clementer
1359 1939 1407 2001 in·

351 2041 463 2119 dulsit,
483 2040 684 2104 Thesaurum
699 2038 890 2120 virginitatis
905 2058 948 2100 ex
962 2039 1083 2102 amussi
1097 2039 1305 2123 inquirentes,
1321 2043 1409 2106 velut

349 2163 430 2226 apes
460 2140 501 2204 de
531 2140 665 2204 diversis
693 2151 856 2223 pratorum
885 2139 1017 2202 floribus
1047 2140 1232 2204 flaventium
1262 2143 1406 2206 sevorum

350 2243 521 2308 machinas
534 2241 640 2306 tenaci
662 2241 783 2321 glutine
805 2241 990 2317 sarcientes,
1005 2262 1164 2305 morarum
1180 2245 1310 2306 vincula
1330 2267 1406 2308 nec-

351 2347 449 2410 timus
470 2354 503 2407 et
524 2344 591 2406 otis
604 2353 783 2426 temporum
805 2341 960 2406 terimus?
992 2343 1075 2408 Cum
1096 2345 1192 2407 etiam
1214 2346 1248 2406 in
1273 2345 1406 2411 rudibus

350 2457 384 2512 et
412 2446 584 2512 neotericis
606 2445 773 2509 catholicoe
795 2444 872 2508 fidei
897 2447 1107 2509 sectatoribus
1130 2460 1300 2529 postquam
1326 2450 1405 2512 late-

353 2551 449 2612 brosa
471 2547 586 2632 prioris
607 2546 809 2610 instrumenti
825 2547 963 2612 latibula
985 2547 1131 2611 funditus
1152 2561 1361 2627 evanuerunt,
1377 2563 1409 2614 et

352 2647 488 2734 limpida
503 2647 666 2731 sequentis
682 2647 881 2712 Testamenti
897 2645 1066 2712 luminaria
1080 2669 1139 2731 per
1153 2650 1283 2730 gratiam
1296 2651 1406 2714 Evan-

353 2752 464 2833 gelicae
488 2748 727 2833 predicationis
749 2771 865 2813 crassae
888 2751 995 2813 noctis
1018 2750 1192 2831 caliginem
1214 2751 1407 2818 illustrantia

351 2852 385 2915 in
411 2849 575 2936 triquadro
605 2862 755 2914 terrarum
787 2852 910 2914 ambitu
935 2851 1083 2913 diffusius
1110 2866 1335 2935 spargerentur
1356 2855 1406 2919 in·

352 2970 485 3013 numera
507 2949 611 3011 beatae
634 2948 827 3030 virginitatis
846 2950 999 3032 exempla
1022 2949 1152 3013 adfatim
1174 2954 1353 3018 exuberent
1374 2967 1407 3020 et

351 3051 488 3115 ubertim
508 3048 729 3134 subpeditent,
744 3071 761 3112 e
778 3050 897 3133 quibus
919 3050 990 3113 brec
1013 3054 1253 3138 pauculaque
1274 3056 1317 3120 ad
1339 3080 1405 3122 me·

350 3154 485 3217 moriam
514 3164 677 3230 venerant,
707 3152 842 3234 carptim
873 3162 906 3215 et
935 3152 1053 3215 cursim
1084 3157 1317 3236 congessimus,
1340 3181 1406 3242 quo

350 3255 476 3319 facilius
491 3254 616 3318 cunctis
632 3253 772 3316 votivum
795 3254 985 3335 integritatis
1000 3274 1117 3317 munus
1132 3258 1349 3322 mercantibus
1370 3260 1404 3325 in

350 3360 524 3443 propatulo
539 3369 685 3443 patenter
707 3361 873 3437 clarescat,
890 3360 1008 3443 quibus
1031 3360 1221 3424 authoribus
1239 3364 1326 3427 edita
1345 3388 1404 3449 pu·

351 3458 468 3524 dicitiae
483 3460 670 3543 proceritas,
685 3462 773 3523 velut
786 3461 1071 3542 praestantissimus
1086 3464 1229 3526 omnium
1254 3465 1405 3530 virtutum

351 3562 475 3625 Pharus
498 3583 556 3624 seu
573 3561 724 3645 quadrati
741 3560 897 3625 rotundus
915 3561 1052 3625 obolisci
1076 3564 1190 3643 globus
1216 3564 1259 3625 ad
1281 3576 1404 3629 tantum

350 3662 556 3746 perfectionis
579 3662 752 3745 fastigium,
770 3672 803 3725 et
823 3662 950 3727 Divinae
974 3663 1256 3745 contemplationis
1275 3665 1403 3729 culmen

351 3763 384 3825 in
406 3764 507 3827 altum
531 3762 679 3837 surrexit,
694 3774 730 3825 ut
748 3763 862 3825 merito
885 3772 1012 3826 sextum
1035 3764 1245 3841 Evangelicae
1266 3764 1403 3831 beatitu-

351 3862 433 3927 dinis
471 3861 608 3944 gradum
641 3863 798 3946 consequi
835 3862 992 3940 credattu,
1022 3862 1064 3925 de
1100 3885 1165 3945 quo
1194 3864 1406 3950 Evangelista

349 3966 494 4048 tropicus
523 3963 666 4027 florentis
695 3963 835 4047 paradisi
864 3964 966 4041 latex,
996 3984 1094 4045 quern
1123 3965 1282 4030 Ezechiel
1314 3973 1403 4035 cultu

348 4066 491 4131 declarat
527 4066 681 4139 humano,
711 4067 756 4129 ita
789 4076 1005 4146 congruenter
1034 4065 1267 4150 adstipulatur:
1306 4073 1407 4135 Beati

349 4169 470 4231 mendo
489 4166 606 4229 corde:
649 4166 810 4233 Quoniam
834 4167 898 4246 ipsi
917 4166 1022 4229 Deum
1042 4166 1206 4229 videbunt.
1252 4169 1280 4231 Ο
1307 4193 1403 4255 quam

349 4271 484 4356 limpida
513 4268 677 4351 virginalis
705 4266 873 4352 pudicitie
902 4267 1028 4349 pupilla
1053 4279 1209 4330 coruscat.
1255 4270 1401 4355 Oquanr

348 4369 520 4455 splendida
540 4368 604 4450 pies
627 4366 785 4431 castitatis
806 4368 891 4431 acics
911 4367 1060 4442 illustrat,
1083 4388 1163 4449 quas
1182 4390 1244 4432 nec
1266 4374 1403 4437 carnalis

346 4473 452 4555 caligo
474 4470 638 4535 illecebrae
661 4466 825 4544 obtundit,
839 4490 900 4531 nec
925 4467 1047 4549 spineae
1070 4469 1290 4534 obscoenitatis
1312 4476 1400 4555 glau-
