3759 5425
673 718 824 766 amarum
840 720 884 766 in
898 720 1074 785 acracruu,
1090 722 1163 769 uro.
1373 715 1437 775 23⁷

391 870 578 937 Scanditita
591 872 716 935 immor.
728 874 791 936 tale
805 874 849 937 ni.
865 874 911 937 hil
926 896 1015 939 mun.
1031 873 1063 939 di
1079 896 1162 939 com.
1177 898 1260 962 page
1275 889 1318 942 te.
1333 886 1442 947 netur.‘

391 986 422 1039 et
436 975 533 1038 infra:

581 1085 755 1141 Accumulant
766 1105 872 1157 quorum
884 1088 981 1143 samam
992 1089 1133 1159 laudesque
1144 1096 1238 1162 poetae

388 1217 539 1283 Sedulius
560 1214 671 1281 itidem
694 1216 728 1279 in
751 1218 937 1300 prefatione
960 1219 1092 1284 metrica
1107 1242 1179 1304 quae
1201 1222 1389 1287 hexametro
1404 1233 1437 1287 et

387 1326 584 1403 pentametro
620 1318 808 1383 catalectico
838 1316 989 1398 decurrit,
1017 1321 1157 1404 primum
1185 1344 1310 1386 versum
1340 1323 1435 1389 deca·

387 1421 551 1485 schemam
566 1418 685 1482 texuit:

588 1522 731 1577 Paschales
742 1524 886 1593 quicunque
898 1523 980 1596 dapes
991 1526 1098 1579 conviva
1108 1529 1224 1597 requiris.

384 1640 405 1704 J
407 1639 550 1703 urenalis
565 1638 740 1701 Satirumm
754 1637 837 1700 libro
852 1637 892 1699 V.

561 1743 662 1811 Magna
674 1742 779 1811 quidem
790 1743 870 1795 sacris
881 1758 941 1811 quae
953 1726 1142 1816 dat⁰prtecepta
1152 1744 1257 1799 libellis.

386 1856 519 1923 Scandit
534 1857 619 1920 euim
634 1878 752 1939 magna
767 1856 831 1940 qui.
848 1855 921 1920 dem
938 1878 983 1921 sa.
999 1859 1063 1922 cris
1077 1880 1159 1943 quae.
1176 1860 1232 1925 dat
1244 1883 1321 1945 prae.
1337 1875 1433 1948 cepta

383 1960 417 2023 li.
433 1960 539 2023 bellis.
559 1960 640 2022 Item
656 1958 739 2021 infra

570 2080 638 2143 Quae
649 2084 704 2132 tam
715 2079 785 2132 festa
794 2079 850 2133 dics
863 2086 909 2133 aut
919 2087 1004 2134 cesset
1015 2082 1125 2153 prodere
1136 2081 1236 2135 furem?

384 2197 537 2260 Lucanus
549 2194 633 2257 libro
649 2191 794 2256 decimo:

610 2314 689 2369 Felix
701 2316 788 2387 prado
795 2318 868 2387 jacet
878 2322 1005 2369 terrarum
1016 2317 1117 2371 vindice
1128 2318 1206 2372 sacto.

425 2448 468 2510 D.
490 2446 644 2510 Versibus
665 2445 746 2523 istis,
761 2464 843 2527 quos
866 2444 1008 2528 exempli
1030 2445 1130 2525 gratia
1152 2447 1320 2529 protulisse
1343 2450 1429 2514 visus

381 2569 427 2627 es,
441 2568 645 2631 nequaquam
666 2565 778 2608 omnes
802 2542 915 2608 decem
940 2543 1142 2608 schematum
1163 2547 1281 2628 regulae
1305 2549 1429 2632 liquido

379 2658 559 2735 patuerunt.
603 2644 668 2712 Sed
683 2654 809 2709 tantum
825 2652 889 2707 tras
904 2644 1059 2723 formula,
1073 2642 1107 2707 id
1123 2657 1171 2708 est
1194 2643 1342 2731 dactylus
1354 2650 1429 2714 loco

379 2752 483 2836 primo
506 2761 538 2814 et
559 2749 684 2833 quinto,
699 2746 775 2810 item
796 2748 870 2810 loco
896 2745 1041 2810 secundo
1061 2755 1094 2810 et
1115 2747 1240 2831 quinto,
1254 2749 1331 2812 item
1353 2751 1428 2815 loco

380 2853 473 2916 tertio
497 2859 530 2914 et
550 2850 678 2933 quinto:
701 2847 828 2911 residua
850 2867 923 2910 vero
954 2846 1118 2911 schemata
1140 2847 1280 2912 necdum
1303 2853 1429 2933 prolata

379 2954 581 3017 delitescunt.
626 2949 843 3022 Quamobrem
866 2948 1126 3030 operaepretium
1149 2969 1220 3012 reor
1234 2960 1270 3013 ut
1290 2948 1325 3013 id
1339 2951 1427 3034 quod

378 3055 505 3140 passiva
519 3052 715 3117 definitionis
736 3049 940 3132 generalitate
963 3070 1030 3112 non
1050 3048 1092 3113 ad
1114 3051 1271 3133 integmm
1286 3054 1427 3137 promul·

378 3175 519 3238 gaveras,
539 3172 626 3216 nunc
644 3171 703 3236 per
723 3149 866 3214 ordinem
889 3148 1065 3213 eomndem
1088 3151 1288 3216 schematum
1302 3154 1425 3236 recapi-

376 3253 511 3320 tulando
551 3273 757 3337 nequaquam
802 3251 980 3335 semiplena
1021 3252 1217 3334 specialitate
1255 3253 1426 3318 examusin

377 3357 544 3420 enucleare
570 3349 812 3418 studeasl—M.
838 3352 959 3415 Versus
985 3351 1134 3415 heroicus
1156 3353 1345 3418 hexameter
1369 3353 1425 3417 xiv

377 3457 517 3542 syllabas
531 3457 635 3541 primo
649 3455 724 3517 loco
739 3461 773 3516 et
786 3451 929 3516 secundo
945 3451 1108 3534 dactylum
1123 3451 1240 3536 recipit
1254 3453 1314 3516 ita:

515 3577 623 3630 Arbiter
633 3577 794 3647 omnipotens
805 3573 894 3627 mundi
906 3573 1019 3643 dempsit
1030 3579 1145 3643 peecata.

375 3677 464 3740 Ioco
478 3675 582 3759 primo
597 3683 630 3737 et
643 3672 736 3736 tertio
752 3670 925 3754 dactylum,
939 3668 1001 3731 ita:

515 3796 634 3852 Abstulit
644 3798 672 3850 in
683 3795 756 3864 ligno
767 3795 833 3848 deus
844 3809 948 3846 omnem
958 3791 1048 3844 mundi
1058 3790 1155 3844 labem.

374 3906 465 3969 Loco
479 3903 581 3986 primo
597 3911 628 3966 et
642 3909 764 3985 quarto,
778 3900 838 3963 ita:

515 4023 613 4078 Lurida
625 4023 757 4093 quassavit
767 4021 817 4075 diri
832 4021 905 4072 Deus
917 4018 980 4072 Orci
992 4023 1107 4090 sceptra.

374 4132 463 4196 Loco
477 4129 582 4212 primo
597 4137 630 4192 et
645 4127 769 4210 quinto,
783 4127 843 4189 ita:

512 4248 634 4301 'l'riverat
645 4246 672 4298 in
683 4245 756 4314 liguo
767 4243 883 4317 pendeus
894 4242 984 4296 mundi
996 4240 1066 4294 mala
1077 4240 1207 4295 Christus.

373 4365 461 4428 Loco
476 4360 618 4427 secundo
632 4368 666 4423 et
679 4357 772 4422 tertio
787 4355 969 4439 dactylum:

512 4481 634 4534 Christus
645 4479 678 4531 de
690 4495 763 4532 eruce
774 4483 842 4532 tetra
853 4474 913 4528 tulit
923 4473 1012 4526 mundi
1023 4479 1138 4545 peccam.
