3759 5425
483 669 503 724 2
838 681 864 721 s.
880 677 1056 724 sanantur
1073 678 1174 724 trusa

447 833 602 928 ,.Verum
631 830 727 894 etiam
757 831 912 894 melliflua
943 830 1121 894 divinarum
1159 829 1267 894 studia
1303 830 1538 912 scripturarum

482 933 688 1015 sagacissima
702 953 883 996 sermonum
900 934 981 996 serie
1000 944 1182 1017 patueurnt.
1229 933 1377 1016 Cumque
1392 930 1540 1010 singulos

483 1034 700 1118 Epistolarum
716 1045 823 1097 textus
840 1033 991 1111 recitans,
1005 1034 1192 1116 pernicibus
1211 1034 1403 1117 pupillarum
1419 1030 1542 1094 obtuti-

481 1137 542 1199 bus
568 1137 759 1218 specularer,
780 1145 876 1219 atque
901 1137 1039 1199 naturali
1064 1135 1214 1220 quadam,
1236 1147 1272 1198 ut
1296 1135 1376 1197 mihi
1403 1133 1541 1195 insitum

482 1237 588 1315 fertur,
610 1239 778 1301 latentium
802 1258 908 1300 rerum
934 1237 1120 1301 curiositate
1147 1239 1391 1319 contemplarer,
1413 1236 1540 1298 uberri-

482 1362 631 1424 mamque
654 1341 822 1403 verborum
852 1339 1033 1402 facundiam
1065 1362 1103 1403 ac
1131 1341 1319 1422 virginalem
1350 1337 1541 1400 urbanitatis

483 1441 745 1507 desertitudinem
772 1463 968 1524 magnopere
994 1441 1177 1506 admirarer.
1221 1442 1275 1504 En
1301 1442 1432 1525 inquam
1455 1439 1540 1503 inef-

481 1545 571 1609 fabili
593 1545 767 1626 gratulatur
790 1544 930 1628 tripudio
957 1545 1011 1608 ille
1038 1547 1145 1629 superi
1170 1557 1318 1625 regnator
1340 1544 1481 1629 Olympi,
1503 1550 1541 1605 et

481 1657 585 1709 rector
605 1645 691 1722 coeli,
707 1666 781 1709 cum
802 1647 908 1709 taliter
930 1645 1107 1710 catholicas
1122 1646 1244 1710 Christi
1260 1647 1456 1720 remaculas,
1470 1645 1540 1707 imo

482 1746 648 1830 adoptivas
669 1747 886 1828 regenerantis
908 1749 1017 1829 gratiae
1041 1748 1135 1827 filias,
1154 1770 1197 1812 ex
1219 1746 1371 1811 foecundo
1393 1747 1541 1810 Ecclesi-

481 1849 591 1912 asticae
621 1849 844 1932 conceptionis
873 1862 975 1927 utero,
997 1850 1171 1933 spiritualis
1196 1851 1288 1913 rerbi
1314 1850 1437 1912 semine
1461 1869 1540 1931 pro·

481 1953 613 2034 genitas,
633 1973 691 2036 per
708 1962 884 2014 maternam
904 1951 1020 2014 viderit
1039 1951 1300 2028 sollicitudinem,
1320 1951 1436 2013 divinis
1457 1950 1540 2032 dog·

481 2059 619 2121 matibus
648 2056 776 2132 erudiri,
804 2077 841 2118 ac
872 2057 958 2118 volut
988 2076 1122 2137 sagaces
1152 2054 1445 2138 Gymnosophistas
1474 2055 1539 2116 sub

480 2159 670 2244 peritissimo
694 2156 834 2241 quodam
861 2157 1066 2238 Agonothcta
1088 2156 1277 2239 palaestricis
1300 2155 1482 2238 disciplinis
1505 2167 1541 2218 et

482 2262 640 2345 gymnicis
669 2261 790 2324 artibus
820 2260 854 2321 in
884 2257 1052 2342 gymnasio
1083 2259 1234 2321 exerceri.
1291 2257 1356 2329 Qui
1383 2256 1541 2320 laboriosi

482 2363 663 2427 certaminis
679 2382 830 2426 coronam
845 2373 878 2423 et
893 2360 1076 2444 Olympiaci
1094 2360 1208 2440 agonis
1228 2358 1437 2441 triumphum,
1452 2355 1541 2420 diffi-

482 2465 610 2531 cillimis
625 2465 763 2549 propriae
780 2462 1153 2527 exercitationisviribus
1164 2460 1539 2525 naviternanciscuntur.

482 2569 535 2630 Ita
557 2566 725 2641 duntaxat,
746 2579 782 2628 ut
804 2565 885 2628 alius
907 2574 1035 2627 strenua
1057 2563 1247 2627 athletarum
1265 2561 1443 2625 luctamina
1460 2580 1540 2623 cum

482 2669 598 2732 aemulo
614 2668 751 2733 sinuosis
771 2667 907 2732 laterum
928 2665 1067 2729 flexibus
1088 2664 1259 2729 desudans.
1304 2665 1342 2727 In
1358 2661 1540 2726 meditullio

482 2772 666 2836 scammatis
698 2772 860 2853 fragrante
898 2768 1061 2832 delibutus
1097 2767 1214 2830 lubrici
1250 2766 1383 2850 liquoris
1423 2763 1540 2843 nardo,
1585 2770 1589 2779 '

364 2914 368 2921 .
480 2870 610 2933 solerter
632 2890 783 2931 exercere
805 2868 940 2931 studeat.
986 2868 1079 2930 Alius
1096 2867 1278 2951 jaculorum
1296 2867 1484 2949 catapultae,
1506 2878 1542 2929 et

482 2972 666 3054 sagittarum
689 2969 815 3051 spicula
834 2969 875 3033 de
898 2970 1055 3033 obstrusis
1077 2971 1234 3051 pharetrae
1255 2970 1397 3033 latibulis
1419 2968 1540 3052 depro-

482 3092 582 3147 menS,
597 3092 662 3133 non
677 3080 713 3132 ut
728 3071 874 3153 passivos
889 3072 1055 3135 oculonrm
1071 3072 1213 3150 obtutus,
1228 3073 1326 3135 libere
1345 3092 1403 3154 per
1418 3072 1542 3137 aethera

481 3174 618 3238 relaxat:
643 3171 708 3237 Sed
723 3183 759 3234 ut
773 3184 876 3237 certos
891 3174 1088 3258 pupillarum
1103 3183 1296 3256 conspectus
1307 3173 1543 3239 demonstraret

481 3275 591 3360 pando
618 3282 777 3358 strepente
801 3296 888 3351 arcu,
914 3286 947 3337 et
972 3296 1069 3337 uerso
1095 3273 1246 3337 stridente
1273 3276 1315 3338 ad
1341 3275 1541 3341 destinatum

481 3377 749 3442 indeclinabiliter
764 3376 872 3459 dirigit
885 3378 1005 3440 locum.
1044 3378 1136 3440 Alius
1151 3376 1368 3441 anhelantium
1382 3378 1415 3440 in
1430 3376 1542 3441 stadio

482 3500 647 3545 cursorum
669 3477 787 3561 plantis
810 3477 917 3541 fidens
934 3478 1132 3562 pernicibus.
1176 3480 1228 3542 De
1249 3479 1368 3563 quibus
1387 3479 1540 3561 egregius

482 3580 639 3665 agonista,
658 3590 691 3645 et
711 3580 810 3644 divini
835 3580 999 3644 Sermonis
1020 3580 1221 3662 dogmatista.
1268 3583 1395 3661 Omnes,
1416 3582 1539 3665 inquit,

481 3696 632 3767 currunt,
647 3708 732 3750 unns
752 3694 860 3749 tomen
881 3687 1005 3766 occipit
1026 3684 1195 3755 broriumr
1220 3695 1341 3750 turmas
1354 3686 1422 3749 ludi
1436 3687 1539 3769 parti·

482 3790 584 3872 cipes,
607 3797 639 3849 et
662 3787 782 3850 laboris
804 3796 970 3850 consortes
992 3805 1146 3869 superans
1168 3786 1311 3849 victoriae
1331 3788 1450 3871 palma,
1471 3787 1539 3851 for-

484 3899 612 3952 tunatus
633 3887 781 3949 foeliciter
799 3888 981 3970 perfruitur.
1025 3888 1117 3952 Alius
1131 3909 1206 3951 cum
1227 3900 1353 3955 caterva
1371 3888 1539 3954 contribu-

481 3994 559 4057 lium
576 3991 740 4075 phalerato
755 4002 867 4053 rectus
882 3992 1067 4075 cornipede,
1082 4014 1178 4077 quem
1195 3994 1373 4058 calcaribus
1388 4004 1539 4058 cmenta·

483 4107 561 4174 tum,
576 4106 609 4157 ct
631 4094 737 4177 flagris
756 4114 887 4167 cesum,
908 4095 1011 4158 aureis
1034 4106 1167 4159 comunt
1188 4106 1374 4161 ornamenta
1394 4096 1536 4180 lupatis:

483 4202 535 4265 De
551 4222 614 4284 quo
631 4200 752 4262 facetus
767 4198 885 4262 Poeta:

606 4302 820 4375 Quadripedsnte
832 4309 934 4375 putrem
946 4320 1020 4356 cursu
1032 4305 1117 4371 quatit
1127 4302 1226 4372 ungula
1236 4322 1369 4379 eampum:

482 4402 659 4467 Perniciter
680 4400 852 4484 implicans
876 4400 970 4463 orbes
995 4400 1141 4477 orbibus,
1161 4402 1272 4485 spacia
1293 4415 1445 4467 terrarum
1466 4424 1536 4467 rne-

481 4505 566 4569 titur.
621 4500 711 4564 Alius
740 4500 884 4563 classicis
913 4510 1081 4565 nautamm
1112 4502 1299 4568 cohortibus
1328 4504 1474 4588 stipatus,
1502 4517 1537 4569 et
