3759 5425
459 689 501 745 20
822 698 847 742 a
862 697 1039 742 linuntur
1057 697 1158 742 aman

461 853 570 917 sortita
593 851 787 914 matrimonii
812 849 1006 914 commercia
1029 851 1121 932 regni
1144 851 1287 914 coelestia
1312 870 1412 914 causa
1435 869 1516 913 eon·

462 954 602 1036 tempsit,
639 953 804 1037 jugalitas,
841 973 914 1034 quae
953 950 994 1015 ad
1039 951 1286 1036 propagandum
1323 951 1518 1036 posteritatis

461 1057 616 1134 sobolem,
639 1067 672 1118 et
696 1054 868 1118 liberorum
892 1054 1162 1137 procreandomm
1188 1058 1288 1136 gratia
1314 1054 1414 1118 licitis
1436 1075 1516 1116 con·

462 1157 553 1221 nubii
574 1157 714 1220 nexibus
733 1155 879 1219 nodatur.
926 1157 990 1218 His
1016 1157 1113 1238 igitur
1131 1157 1232 1220 tribus
1254 1157 1409 1238 graduum
1429 1153 1517 1219 ordi·

462 1259 569 1338 nibus,
592 1260 710 1343 quibus
736 1258 935 1322 credentium
960 1258 1130 1322 multitudo
1154 1259 1188 1321 in
1213 1259 1377 1322 catholica
1398 1258 1518 1320 florens

463 1361 614 1423 Ecclesia
629 1359 818 1423 discernitur
839 1361 1075 1440 Evangelicum
1097 1360 1287 1445 paradigma
1304 1359 1516 1424 centesimum

464 1463 702 1541 sexagesimum
717 1470 750 1523 et
764 1461 959 1523 tricesimum
974 1461 1110 1524 fructum
1125 1461 1222 1545 juxta
1236 1462 1419 1525 meritorum
1434 1480 1518 1522 mer-

463 1563 638 1626 cimoniam
669 1559 881 1642 spospondit-3
923 1560 1000 1622 licet
1035 1559 1166 1642 qnidam
1194 1561 1361 1624 centesimi
1392 1561 1518 1623 fructus

464 1663 648 1745 manipulos
674 1659 882 1742 Evangelicis
907 1661 1080 1724 novalibus
1103 1662 1240 1724 ubertim
1266 1661 1462 1743 pullulantes
1482 1669 1518 1724 et

464 1764 631 1846 granigera
642 1762 799 1846 spicamm
810 1762 953 1842 glumula
963 1763 1178 1842 germinantes
1186 1763 1378 1845 martyribus
1389 1783 1516 1825 sacrum

464 1886 523 1948 pro
536 1864 727 1928 Christianae
742 1863 953 1927 consessionis
967 1865 1060 1927 titulo
1076 1886 1222 1929 cruorem
1232 1865 1295 1928 ritu
1309 1863 1367 1926 riri
1381 1862 1519 1928 rorantis

464 1964 617 2049 deputare
648 1967 782 2028 soleant.
827 1963 893 2028 Sed
917 1985 958 2027 ue
984 1965 1095 2028 sortem
1126 1965 1265 2048 propriae
1289 1963 1519 2047 disputationis

463 2068 599 2130 verbosa
613 2067 778 2148 garrulitas
793 2075 848 2129 aut
860 2067 986 2146 garrula
994 2067 1170 2130 verbositas
1185 2067 1277 2128 firmo
1288 2066 1517 2149 scripturarum

463 2169 648 2232 fulcimento
671 2189 783 2231 carens
803 2189 822 2230 a
840 2167 985 2251 quolibet
1005 2167 1199 2245 criminetur,
1219 2187 1398 2251 purpureos
1417 2163 1515 2248 pudi-

464 2271 548 2335 citiae
579 2271 673 2334 flores
704 2292 747 2334 ex
784 2290 945 2333 sacrorum
977 2271 1174 2334 voluminum
1210 2282 1300 2353 prato
1335 2261 1518 2354 decerpens

463 2372 710 2456 pulcherrimam
734 2371 924 2452 virginitatis
953 2392 1103 2443 coronam
1131 2373 1260 2436 Christo
1290 2373 1413 2436 favente
1436 2392 1517 2436 con·

465 2482 575 2537 texere
590 2473 681 2536 nitar.

509 2576 582 2639 XX.
605 2575 696 2638 Elias
715 2587 803 2639 vates
822 2576 1013 2658 virginitatis
1038 2578 1138 2660 gratia
1159 2577 1331 2640 decoratus
1348 2585 1381 2638 et
1401 2574 1520 2659 spiritu

466 2677 592 2743 afflatus
613 2679 816 2764 Prophetic0‚
836 2680 911 2743 coeli
929 2681 1069 2745 claustra
1092 2689 1126 2743 et
1149 2678 1330 2743 nimborum
1348 2679 1519 2742 obstacula

464 2781 617 2863 precibus
646 2782 808 2865 patefecit,
837 2783 1044 2867 geminosque
1074 2782 1212 2846 militurn
1241 2783 1518 2845 Pentecontarcos

465 2882 607 2945 coelestis
631 2882 693 2944 ioci
719 2881 852 2944 fulmine
873 2882 1067 2964 flagrantes3
1098 2895 1131 2947 et
1147 2882 1295 2965 supernis
1316 2902 1443 2945 arsuros
1465 2881 1520 2944 in-

467 2981 593 3045 cendiis
639 2980 761 3045 cmdeli
803 2982 932 3046 flamma
966 2985 1151 3047 combustos
1188 2982 1355 3058 extorruit,
1392 2981 1449 3065 qui
1484 2992 1521 3044 et

466 3083 620 3166 deinceps
635 3090 671 3143 ut
686 3092 780 3164 poeta
798 3084 939 3147 Hernico
955 3085 1143 3148 hexametro
1159 3084 1265 3161 refert,

607 3204 697 3256 Aurea
707 3202 876 3272 flammigeris
888 3211 993 3259 evectus
1004 3208 1031 3257 in
1043 3212 1114 3259 asma
1125 3206 1259 3276 quadrigis

606 3288 739 3341 Siderenm
751 3292 895 3360 penetravit
906 3292 965 3356 iter,
977 3310 1103 3361 canoque
1115 3309 1236 3345 corusco:

465 3404 604 3468 Etinlra
617 3402 749 3465 humani
761 3416 879 3467 metam
890 3424 956 3466 non
970 3404 1106 3486 contigit
1116 3405 1175 3468 aeri
1190 3405 1333 3468 sublatus
1347 3404 1382 3467 in
1396 3404 1518 3467 coelum

464 3507 498 3569 in
519 3502 659 3588 quadarn
676 3503 791 3565 secreti
815 3504 955 3566 climatis
976 3504 1108 3585 regione
1130 3504 1281 3568 diuturna
1302 3504 1517 3567 membrorum

466 3606 666 3691 vegetatione
695 3604 833 3667 vitaliter
862 3604 994 3687 degens,
1024 3608 1196 3670 Hactenus
1232 3607 1372 3689 generali
1404 3605 1520 3670 mortis

377 3710 381 3717 ’
466 3710 577 3774 debito
603 3710 743 3773 caruisse
767 3707 957 3786 dinoscitur,
978 3730 1076 3793 quam
1099 3711 1209 3773 cuncti
1229 3710 1375 3772 violentis
1394 3721 1520 3772 namrae

464 3813 591 3892 legibus
606 3808 729 3872 addicti
750 3820 782 3871 et
800 3809 911 3890 primae
933 3809 1207 3891 praevaricationis
1225 3810 1366 3873 nexibus
1385 3810 1518 3886 astricti,

467 3911 558 3995 quasi
580 3910 766 3973 inevitabile
789 3910 925 3991 vectigal
948 3920 980 3973 et
996 3911 1106 3974 fiscale
1126 3913 1280 3975 tributum
1302 3911 1442 3995 pendere
1461 3932 1520 3975 co·

467 4021 593 4094 guntur.

511 4115 674 4179 Helisaeus
696 4134 769 4176 vero
794 4112 938 4197 ejusdem
960 4115 1065 4177 Heliae
1093 4113 1193 4198 duplo
1215 4113 1335 4178 ditatus
1355 4115 1468 4197 spiritu
1484 4127 1520 4178 et

468 4218 595 4300 gemina
613 4215 769 4299 praeditus
787 4216 898 4297 gratia,
912 4216 945 4277 in
967 4216 1061 4300 cujus
1081 4229 1196 4280 exortu
1217 4238 1314 4281 aurea
1333 4216 1520 4301 quadrupes

464 4323 497 4383 in
515 4318 659 4397 Galgalis
681 4319 846 4381 bombosae
861 4318 951 4380 vocis
972 4318 1130 4399 mugitum
1146 4319 1295 4381 reboasse
1318 4316 1519 4395 describitur,

466 4418 655 4501 significans
665 4416 854 4481 idololatriae
865 4419 991 4501 lapsum
1003 4428 1035 4480 et
1049 4417 1313 4481 simulachrorum
1322 4419 1521 4483 ceremonias

466 4519 700 4609 explodendas.
745 4522 864 4583 Nonne
878 4533 1010 4605 propter
1024 4520 1190 4603 pudicitiae
1206 4522 1366 4604 virginalis
1382 4521 1519 4585 infulam
