3759 5425
647 742 691 785 na
707 739 871 788 muninus
886 741 1121 788 vraorsrrarrs.
1363 733 1402 791 nt
1431 697 1464 758 ‘s

346 889 532 956 clesiastico
546 892 716 956 clericatus
730 893 830 976 gradu
845 894 1028 974 discedens,
1042 909 1074 959 et
1088 916 1109 960 a
1122 907 1210 960 recto
1225 897 1405 981 Religionis

346 990 475 1054 tramite
504 991 695 1056 errabundis
717 994 915 1057 anfractibus
936 997 1132 1073 exorbitans,
1155 998 1217 1061 ritu
1240 1000 1404 1079 gentilium

346 1090 526 1172 lugubriter
540 1105 686 1176 apostare
701 1107 851 1176 caeperat,
866 1095 925 1158 fuit
946 1096 1079 1180 quidam
1093 1098 1182 1180 apud
1203 1099 1402 1163 Thebaidem

347 1190 421 1253 vitre
451 1193 654 1269 venerabilis,
684 1195 877 1278 Apollonius
913 1197 1056 1275 nomine,
1088 1199 1144 1280 qui
1181 1219 1266 1261 anno
1303 1200 1405 1264 astatis

347 1294 461 1376 quinto
498 1294 626 1358 decimo
663 1306 760 1360 vastae
796 1297 978 1361 solitudinis
1009 1310 1131 1362 secreta
1166 1313 1337 1385 penetrans
1372 1311 1406 1366 et

346 1397 532 1460 mortalium
547 1399 758 1462 contubernia
772 1400 1006 1482 subterfugiens
1026 1400 1190 1464 delituisse
1205 1401 1303 1466 fertur
1316 1403 1404 1468 haud

346 1497 460 1578 procul
483 1519 503 1560 a
525 1498 690 1562 veterrimo
710 1499 855 1579 delubro,
877 1502 910 1564 in
935 1522 1001 1584 quo
1023 1501 1207 1586 redemptor
1226 1511 1335 1568 noster
1355 1505 1402 1568 in-

345 1617 485 1678 gressus,
496 1620 594 1683 quem
609 1601 749 1664 nefanda
761 1603 920 1686 Antipatri
931 1605 1039 1686 proles
1051 1603 1278 1683 insectabatur,
1291 1626 1403 1670 omnes

346 1701 590 1766 simulacrorum
602 1705 770 1768 toraciclas
781 1705 823 1769 ad
838 1708 941 1770 solum
959 1728 1093 1770 cernuas
1109 1707 1216 1786 diruit,
1225 1707 1402 1772 secuudum

347 1821 528 1885 praesagum
542 1806 652 1869 Esaia
673 1806 880 1871 vaticinium:
919 1809 1006 1872 Ecce
1020 1810 1184 1872 Dominus
1201 1809 1289 1874 sedet
1305 1831 1403 1890 super

346 1901 464 1967 salem
484 1907 594 1985 beera,
614 1915 647 1969 et
666 1911 771 1971 renim
792 1910 831 1970 iu
852 1911 1047 1991 AEpyplam,
1068 1918 1099 1974 et
1121 1909 1403 1974 commovebantur

345 2007 541 2086 musceta
556 2007 774 2088 Egyptiorum
789 2031 811 2071 a
822 2008 920 2090 facie
933 2008 1014 2092 ejus,
1029 2016 1062 2072 et
1075 2009 1193 2072 cadent
1207 2011 1243 2072 in
1267 2017 1401 2073 terram.

347 2107 464 2170 Nubes
485 2107 595 2191 inquit
615 2107 705 2184 levis,
728 2107 941 2170 castissimum
963 2105 1116 2170 videlicet
1135 2106 1248 2170 Mariae
1268 2106 1401 2188 virginis

344 2211 512 2292 gremium,
534 2210 684 2273 humanas
712 2210 924 2294 corruptionis
949 2209 1120 2292 spurcitiis,
1146 2219 1179 2272 et
1203 2209 1283 2273 virili
1312 2229 1400 2272 com·

345 2312 448 2394 plexu
462 2331 588 2389 careus,
600 2309 796 2395 praefigurat.
839 2311 990 2396 Denique
1011 2311 1162 2395 praefatus
1177 2309 1242 2374 Dei
1262 2310 1401 2375 mmulus

344 2413 473 2476 octonis
495 2421 675 2495 temporum
703 2412 823 2491 lustris,
844 2412 908 2476 boc
930 2423 991 2489 est,
1012 2411 1217 2496 quaterdenis
1242 2432 1400 2475 annorum

343 2515 514 2578 curriculis
528 2514 689 2578 horrorem
706 2513 825 2579 deserti
838 2536 905 2578 uon
920 2513 1137 2590 lassabundis,
1152 2512 1211 2576 sed
1231 2511 1400 2575 indefessis

343 2615 467 2678 viribus
480 2616 633 2690 tolerans,
648 2616 897 2698 quingentorum
912 2616 1038 2679 circiter
1052 2615 1282 2678 monachorum
1297 2613 1400 2676 archi·

342 2716 506 2780 mandrita
519 2727 552 2780 et
570 2727 675 2780 rector
693 2718 852 2795 extiterat,
866 2716 924 2801 qui
944 2718 986 2779 ob
1009 2716 1195 2798 preclaram
1211 2712 1400 2793 virginitatis

342 2817 480 2898 gloriam
509 2816 620 2881 multis
640 2818 843 2881 miraclorum
865 2816 967 2898 siguis
989 2823 1022 2879 et
1043 2812 1198 2898 prodigiis
1227 2833 1399 2877 comscaus

342 2920 467 2983 centias
481 2919 616 2997 diurnis,
627 2929 661 2983 et
674 2920 806 2984 totidem
820 2918 988 2983 nocturnis
1002 2918 1151 2981 herenam
1166 2916 1278 3001 spatiis
1289 2916 1398 2981 Deum

342 3020 556 3103 interpellans
581 3041 687 3102 genua
705 3042 804 3086 curvo
825 3022 948 3106 poplite
970 3020 1101 3084 flexisse
1125 3018 1285 3097 scribitur,
1307 3017 1398 3105 cujus
1424 2998 1431 3119 J

342 3126 509 3189 colobium
531 3144 606 3189 curn
632 3124 673 3188 de
697 3135 823 3209 stuppae
852 3125 998 3203 stamine,
1020 3125 1072 3187 rel
1092 3124 1200 3208 potius
1221 3122 1396 3206 putamine,

338 3226 413 3289 siue
427 3227 641 3311 pompulenta
652 3226 898 3311 pannicularum
909 3226 1058 3289 varietate
1072 3224 1238 3303 ordiretur,
1249 3222 1397 3287 sindonis

340 3329 476 3411 peplum
499 3350 543 3392 ex
565 3328 658 3392 tereti
681 3326 806 3392 filorum
833 3328 973 3410 glomere
998 3326 1135 3411 fassoque
1158 3333 1268 3389 netum
1297 3324 1397 3388 radiis

341 3430 553 3494 stridentibus
563 3440 597 3495 et
611 3431 742 3515 pectine
755 3432 906 3515 pulsante
921 3430 1099 3507 texebatur,
1108 3450 1181 3512 quse
1195 3426 1396 3507 longiuscula

339 3530 400 3595 illo
419 3531 456 3595 iu
477 3532 614 3596 desertis
639 3532 858 3610 delitescente,
880 3551 937 3615 per
960 3538 1009 3594 tot
1029 3540 1209 3613 temporum
1231 3525 1397 3589 volumina

339 3632 474 3717 penitus
491 3652 657 3717 uunquam
679 3642 835 3698 vetustate
855 3633 1105 3709 extricabantur,
1125 3630 1219 3714 cujus
1242 3627 1396 3693 alimonia

337 3735 407 3797 imo
420 3735 615 3819 parsimonia
624 3745 689 3799 tam
705 3735 837 3815 frugalis
851 3734 949 3797 titisse
963 3732 1131 3807 ferebatur,
1143 3737 1178 3792 ut
1192 3726 1394 3811 potissimum

339 3834 500 3899 viridibus
518 3836 688 3899 berbamm
709 3835 883 3912 fasciculis,
903 3846 936 3898 et
954 3832 1136 3896 recentibus
1156 3829 1317 3892 hortorum
1338 3828 1395 3893 ho-

338 3938 474 4001 lusculis
493 3938 541 4002 sic
562 3948 754 4014 vesceretur,
772 3939 865 4022 quasi
886 3936 1021 4001 condito
1043 3934 1158 3998 culinae
1181 3932 1394 4015 pulmentario

337 4040 507 4125 potiretur,
521 4058 597 4104 cum
611 4051 718 4104 tamen
734 4050 898 4104 cocturam
913 4050 968 4101 aut
983 4046 1156 4100 assaturam
1172 4034 1395 4097 alimentorum

337 4142 373 4204 in
404 4142 600 4206 focrrlaribus
628 4151 837 4227 preparatam
867 4140 909 4204 ad
938 4139 1082 4202 edulium
1111 4135 1270 4199 refutaret
1326 4134 1394 4199 Hie

337 4244 516 4327 aliquando
546 4265 620 4307 cum
648 4244 799 4308 Julianus
827 4242 883 4325 qui
908 4237 1110 4325 tyrannidem
1140 4246 1172 4299 et
1200 4234 1394 4317 apostasiam

336 4343 457 4427 pariter
477 4344 624 4428 arripuit,
644 4362 711 4405 nou
732 4340 830 4405 modo
851 4341 883 4404 in
907 4338 1049 4404 clericali
1071 4334 1171 4418 gradu
1193 4335 1396 4414 constitutos,

337 4442 395 4507 sed
424 4444 523 4508 etiam
551 4441 743 4506 monachica
772 4438 968 4522 professione
1004 4434 1173 4516 fungentes
1201 4431 1243 4499 ad
1271 4433 1393 4500 militia

336 4543 506 4626 cingulum
541 4553 682 4625 cogeret,
710 4563 731 4605 a
759 4540 944 4603 centurione
974 4538 1009 4599 iu
1040 4534 1188 4617 ergastuli
1223 4534 1392 4599 latibulum

840 4650 895 4707 aa
