<?xml version="1.0" encoding="UTF-8"?>
<!DOCTYPE html PUBLIC "-//W3C//DTD XHTML 1.0 Transitional//EN"
    "http://www.w3.org/TR/xhtml1/DTD/xhtml1-transitional.dtd">
<html xmlns="http://www.w3.org/1999/xhtml" xml:lang="en" lang="en">
 <head>
  <title>
</title>
<meta http-equiv="Content-Type" content="text/html;charset=utf-8" />
  <meta name='ocr-system' content='tesseract 3.04.00' />
  <meta name='ocr-capabilities' content='ocr_page ocr_carea ocr_par ocr_line ocrx_word'/>
</head>
<body>
  <div class='ocr_page' id='page_1' title='image "./operaquextantom00aldhgoog_0410.png"; bbox 0 0 3759 5425; ppageno 0'>
   <div class='ocr_carea' id='block_1_1' title="bbox 434 789 1252 847">
    <p class='ocr_par' dir='ltr' id='par_1_1' title="bbox 434 789 1252 847">
     <span class='ocr_line' id='line_1_1' title="bbox 434 789 1252 847; baseline -0.005 0"><span class='ocrx_word' id='word_1_1' title='bbox 434 789 499 847; x_wconf 76' lang='lat'><strong>³82</strong></span> <span class='ocrx_word' id='word_1_2' title='bbox 660 799 925 844; x_wconf 80' lang='lat' dir='ltr'><strong>v1rssnonamrr</strong></span> <span class='ocrx_word' id='word_1_3' title='bbox 942 797 1252 844; x_wconf 80' lang='lat' dir='ltr'><strong>ssnrorosoorons.</strong></span> 
     </span>
    </p>
   </div>
   <div class='ocr_carea' id='block_1_2' title="bbox 426 950 1487 2838">
    <p class='ocr_par' dir='ltr' id='par_1_2' title="bbox 426 950 1487 2838">
     <span class='ocr_line' id='line_1_2' title="bbox 431 950 1487 1033; baseline -0.003 -17"><span class='ocrx_word' id='word_1_4' title='bbox 431 950 633 1033; x_wconf 75' lang='lat' dir='ltr'><strong>glorificavit,</strong></span> <span class='ocrx_word' id='word_1_5' title='bbox 647 961 684 1013; x_wconf 91' lang='lat' dir='ltr'><strong>ut</strong></span> <span class='ocrx_word' id='word_1_6' title='bbox 697 961 730 1013; x_wconf 93' lang='lat' dir='ltr'><strong>et</strong></span> <span class='ocrx_word' id='word_1_7' title='bbox 743 951 777 1013; x_wconf 88' lang='lat' dir='ltr'><strong>in</strong></span> <span class='ocrx_word' id='word_1_8' title='bbox 791 951 874 1013; x_wconf 85' lang='lat' dir='ltr'><strong>coelo</strong></span> <span class='ocrx_word' id='word_1_9' title='bbox 890 971 909 1012; x_wconf 89' lang='lat' dir='ltr'><strong>a</strong></span> <span class='ocrx_word' id='word_1_10' title='bbox 923 950 1113 1014; x_wconf 80' lang='lat' dir='ltr'><strong>concivibus</strong></span> <span class='ocrx_word' id='word_1_11' title='bbox 1126 951 1291 1033; x_wconf 80' lang='lat' dir='ltr'><strong>Angelicis</strong></span> <span class='ocrx_word' id='word_1_12' title='bbox 1305 950 1487 1033; x_wconf 81' lang='lat' dir='ltr'><strong>spiritibus,</strong></span> 
     </span>
     <span class='ocr_line' id='line_1_3' title="bbox 430 1051 1485 1134; baseline -0.004 -17"><span class='ocrx_word' id='word_1_13' title='bbox 430 1066 464 1117; x_wconf 89' lang='lat' dir='ltr'><strong>et</strong></span> <span class='ocrx_word' id='word_1_14' title='bbox 476 1053 560 1115; x_wconf 85' lang='lat' dir='ltr'><strong>inter</strong></span> <span class='ocrx_word' id='word_1_15' title='bbox 572 1052 722 1115; x_wconf 85' lang='lat' dir='ltr'><strong>mortales</strong></span> <span class='ocrx_word' id='word_1_16' title='bbox 739 1052 936 1114; x_wconf 80' lang='lat' dir='ltr'><strong>honorentur</strong></span> <span class='ocrx_word' id='word_1_17' title='bbox 956 1072 1100 1134; x_wconf 87' lang='lat' dir='ltr'><strong>corpora.</strong></span> <span class='ocrx_word' id='word_1_18' title='bbox 1146 1052 1210 1124; x_wconf 84' lang='lat' dir='ltr'><strong>Qui</strong></span> <span class='ocrx_word' id='word_1_19' title='bbox 1229 1060 1305 1134; x_wconf 89' lang='lat' dir='ltr'><strong>post</strong></span> <span class='ocrx_word' id='word_1_20' title='bbox 1326 1051 1485 1113; x_wconf 83' lang='lat' dir='ltr'><strong>orationis</strong></span> 
     </span>
     <span class='ocr_line' id='line_1_4' title="bbox 431 1151 1484 1229; baseline -0.005 -12"><span class='ocrx_word' id='word_1_21' title='bbox 431 1154 615 1219; x_wconf 88' lang='lat' dir='ltr'><strong>instantiam</strong></span> <span class='ocrx_word' id='word_1_22' title='bbox 638 1165 672 1215; x_wconf 90' lang='lat' dir='ltr'><strong>ut</strong></span> <span class='ocrx_word' id='word_1_23' title='bbox 692 1153 840 1227; x_wconf 82' lang='lat' dir='ltr'><strong>surrexit,</strong></span> <span class='ocrx_word' id='word_1_24' title='bbox 856 1153 940 1215; x_wconf 87' lang='lat' dir='ltr'><strong>bene</strong></span> <span class='ocrx_word' id='word_1_25' title='bbox 962 1172 1076 1215; x_wconf 90' lang='lat' dir='ltr'><strong>sanum</strong></span> <span class='ocrx_word' id='word_1_26' title='bbox 1099 1172 1134 1215; x_wconf 89' lang='lat' dir='ltr'><strong>se</strong></span> <span class='ocrx_word' id='word_1_27' title='bbox 1157 1153 1266 1229; x_wconf 88' lang='lat' dir='ltr'><strong>sensit,</strong></span> <span class='ocrx_word' id='word_1_28' title='bbox 1280 1151 1365 1214; x_wconf 87' lang='lat' dir='ltr'><strong>sicut</strong></span> <span class='ocrx_word' id='word_1_29' title='bbox 1385 1152 1484 1213; x_wconf 89' lang='lat' dir='ltr'><strong>uobis</strong></span> 
     </span>
     <span class='ocr_line' id='line_1_5' title="bbox 431 1252 1482 1339; baseline -0.005 -19"><span class='ocrx_word' id='word_1_30' title='bbox 431 1256 549 1339; x_wconf 74' lang='lat' dir='ltr'><strong>sepius</strong></span> <span class='ocrx_word' id='word_1_31' title='bbox 562 1253 662 1317; x_wconf 83' lang='lat' dir='ltr'><strong>dixit:</strong></span> <span class='ocrx_word' id='word_1_32' title='bbox 684 1265 718 1316; x_wconf 88' lang='lat' dir='ltr'><strong>et</strong></span> <span class='ocrx_word' id='word_1_33' title='bbox 731 1274 792 1315; x_wconf 89' lang='lat' dir='ltr'><strong>nos</strong></span> <span class='ocrx_word' id='word_1_34' title='bbox 806 1252 870 1335; x_wconf 88' lang='lat' dir='ltr'><strong>ipsi</strong></span> <span class='ocrx_word' id='word_1_35' title='bbox 885 1274 960 1316; x_wconf 92' lang='lat' dir='ltr'><strong>cum</strong></span> <span class='ocrx_word' id='word_1_36' title='bbox 975 1254 1085 1317; x_wconf 88' lang='lat' dir='ltr'><strong>multis</strong></span> <span class='ocrx_word' id='word_1_37' title='bbox 1101 1252 1318 1327; x_wconf 81' lang='lat' dir='ltr'><strong>testificamur,</strong></span> <span class='ocrx_word' id='word_1_38' title='bbox 1334 1252 1391 1335; x_wconf 89' lang='lat' dir='ltr'><strong>qui</strong></span> <span class='ocrx_word' id='word_1_39' title='bbox 1406 1272 1482 1315; x_wconf 88' lang='lat' dir='ltr'><strong>eum</strong></span> 
     </span>
     <span class='ocr_line' id='line_1_6' title="bbox 429 1354 1482 1435; baseline -0.006 -14"><span class='ocrx_word' id='word_1_40' title='bbox 429 1357 506 1421; x_wconf 82' lang='lat' dir='ltr'><strong>satis</strong></span> <span class='ocrx_word' id='word_1_41' title='bbox 529 1355 689 1419; x_wconf 85' lang='lat' dir='ltr'><strong>infirmum</strong></span> <span class='ocrx_word' id='word_1_42' title='bbox 714 1354 803 1435; x_wconf 89' lang='lat' dir='ltr'><strong>prius</strong></span> <span class='ocrx_word' id='word_1_43' title='bbox 825 1374 1022 1417; x_wconf 76' lang='lat' dir='ltr'>noveramus.</span> <span class='ocrx_word' id='word_1_44' title='bbox 1066 1355 1210 1417; x_wconf 85' lang='lat' dir='ltr'><strong>Abbates</strong></span> <span class='ocrx_word' id='word_1_45' title='bbox 1239 1364 1348 1416; x_wconf 87' lang='lat' dir='ltr'><strong>entem</strong></span> <span class='ocrx_word' id='word_1_46' title='bbox 1375 1354 1482 1416; x_wconf 89' lang='lat' dir='ltr'><strong>reolu-</strong></span> 
     </span>
     <span class='ocr_line' id='line_1_7' title="bbox 431 1451 1481 1536; baseline 0.001 -21"><span class='ocrx_word' id='word_1_47' title='bbox 431 1462 540 1515; x_wconf 88' lang='lat' dir='ltr'><strong>aerunt</strong></span> <span class='ocrx_word' id='word_1_48' title='bbox 560 1452 804 1536; x_wconf 77' lang='lat' dir='ltr'><strong>sarcophagum,</strong></span> <span class='ocrx_word' id='word_1_49' title='bbox 823 1452 922 1515; x_wconf 87' lang='lat' dir='ltr'><strong>etita</strong></span> <span class='ocrx_word' id='word_1_50' title='bbox 941 1472 1043 1534; x_wconf 87' lang='lat' dir='ltr'><strong>usquc</strong></span> <span class='ocrx_word' id='word_1_51' title='bbox 1065 1451 1106 1516; x_wconf 89' lang='lat' dir='ltr'><strong>ad</strong></span> <span class='ocrx_word' id='word_1_52' title='bbox 1128 1463 1277 1516; x_wconf 84' lang='lat' dir='ltr'><strong>octavum</strong></span> <span class='ocrx_word' id='word_1_53' title='bbox 1296 1451 1393 1529; x_wconf 89' lang='lat' dir='ltr'><strong>diem,</strong></span> <span class='ocrx_word' id='word_1_54' title='bbox 1412 1473 1481 1535; x_wconf 88' lang='lat' dir='ltr'><strong>quo</strong></span> 
     </span>
     <span class='ocr_line' id='line_1_8' title="bbox 431 1553 1481 1638; baseline 0 -21"><span class='ocrx_word' id='word_1_55' title='bbox 431 1554 501 1638; x_wconf 86' lang='lat' dir='ltr'><strong>ejus</strong></span> <span class='ocrx_word' id='word_1_56' title='bbox 528 1554 633 1618; x_wconf 76' lang='lat' dir='ltr'><strong>sutum</strong></span> <span class='ocrx_word' id='word_1_57' title='bbox 661 1563 729 1617; x_wconf 91' lang='lat' dir='ltr'><strong>erat</strong></span> <span class='ocrx_word' id='word_1_58' title='bbox 757 1553 921 1630; x_wconf 72' lang='lat' dir='ltr'><strong>festivitas,</strong></span> <span class='ocrx_word' id='word_1_59' title='bbox 951 1553 1101 1617; x_wconf 88' lang='lat' dir='ltr'><strong>dimisere</strong></span> <span class='ocrx_word' id='word_1_60' title='bbox 1129 1555 1295 1616; x_wconf 85' lang='lat' dir='ltr'><strong>intactum.</strong></span> <span class='ocrx_word' id='word_1_61' title='bbox 1354 1554 1395 1615; x_wconf 93' lang='lat' dir='ltr'><strong>In</strong></span> <span class='ocrx_word' id='word_1_62' title='bbox 1425 1553 1481 1617; x_wconf 86' lang='lat' dir='ltr'><strong>die</strong></span> 
     </span>
     <span class='ocr_line' id='line_1_9' title="bbox 431 1653 1483 1738; baseline 0 -20"><span class='ocrx_word' id='word_1_63' title='bbox 431 1666 537 1718; x_wconf 84' lang='lat' dir='ltr'><strong>autem</strong></span> <span class='ocrx_word' id='word_1_64' title='bbox 546 1654 617 1738; x_wconf 87' lang='lat' dir='ltr'><strong>ejus</strong></span> <span class='ocrx_word' id='word_1_65' title='bbox 627 1654 816 1731; x_wconf 73' lang='lat' dir='ltr'><strong>festivitatis,</strong></span> <span class='ocrx_word' id='word_1_66' title='bbox 827 1653 951 1718; x_wconf 86' lang='lat' dir='ltr'><strong>adscito</strong></span> <span class='ocrx_word' id='word_1_67' title='bbox 966 1656 1007 1717; x_wconf 88' lang='lat' dir='ltr'><strong>ab</strong></span> <span class='ocrx_word' id='word_1_68' title='bbox 1019 1656 1145 1719; x_wconf 81' lang='lat' dir='ltr'><strong>Abbate</strong></span> <span class='ocrx_word' id='word_1_69' title='bbox 1157 1654 1221 1717; x_wconf 90' lang='lat' dir='ltr'><strong>loci</strong></span> <span class='ocrx_word' id='word_1_70' title='bbox 1232 1655 1319 1717; x_wconf 87' lang='lat' dir='ltr'><strong>illius</strong></span> <span class='ocrx_word' id='word_1_71' title='bbox 1328 1653 1483 1718; x_wconf 83' lang='lat' dir='ltr'><strong>dioecesis</strong></span> 
     </span>
     <span class='ocr_line' id='line_1_10' title="bbox 430 1754 1482 1838; baseline -0.003 -18"><span class='ocrx_word' id='word_1_72' title='bbox 430 1754 598 1819; x_wconf 78' lang='lat' dir='ltr'><strong>Osmundo</strong></span> <span class='ocrx_word' id='word_1_73' title='bbox 616 1755 807 1820; x_wconf 82' lang='lat' dir='ltr'><strong>Orthodoxo</strong></span> <span class='ocrx_word' id='word_1_74' title='bbox 828 1756 1005 1837; x_wconf 80' lang='lat' dir='ltr'><strong>Episcopo,</strong></span> <span class='ocrx_word' id='word_1_75' title='bbox 1020 1756 1087 1817; x_wconf 86' lang='lat' dir='ltr'><strong>viro</strong></span> <span class='ocrx_word' id='word_1_76' title='bbox 1107 1755 1297 1832; x_wconf 74' lang='lat' dir='ltr'><strong>humilitate,</strong></span> <span class='ocrx_word' id='word_1_77' title='bbox 1312 1755 1482 1838; x_wconf 81' lang='lat' dir='ltr'><strong>sapientia,</strong></span> 
     </span>
     <span class='ocr_line' id='line_1_11' title="bbox 429 1856 1482 1938; baseline -0.001 -17"><span class='ocrx_word' id='word_1_78' title='bbox 429 1868 462 1923; x_wconf 91' lang='lat' dir='ltr'><strong>et</strong></span> <span class='ocrx_word' id='word_1_79' title='bbox 476 1858 643 1922; x_wconf 81' lang='lat' dir='ltr'><strong>sanctitate</strong></span> <span class='ocrx_word' id='word_1_80' title='bbox 658 1856 848 1921; x_wconf 88' lang='lat' dir='ltr'><strong>honorando</strong></span> <span class='ocrx_word' id='word_1_81' title='bbox 856 1866 955 1938; x_wconf 88' lang='lat' dir='ltr'><strong>atque</strong></span> <span class='ocrx_word' id='word_1_82' title='bbox 964 1856 1129 1933; x_wconf 83' lang='lat' dir='ltr'><strong>laudabili,</strong></span> <span class='ocrx_word' id='word_1_83' title='bbox 1144 1866 1176 1919; x_wconf 86' lang='lat' dir='ltr'><strong>et</strong></span> <span class='ocrx_word' id='word_1_84' title='bbox 1189 1857 1340 1938; x_wconf 82' lang='lat' dir='ltr'><strong>religioso</strong></span> <span class='ocrx_word' id='word_1_85' title='bbox 1351 1857 1482 1920; x_wconf 83' lang='lat' dir='ltr'><strong>Abbate</strong></span> 
     </span>
     <span class='ocr_line' id='line_1_12' title="bbox 430 1957 1480 2043; baseline -0.004 -20"><span class='ocrx_word' id='word_1_86' title='bbox 430 1960 650 2025; x_wconf 87' lang='lat' dir='ltr'><strong>Glocestreusi</strong></span> <span class='ocrx_word' id='word_1_87' title='bbox 671 1958 866 2043; x_wconf 89' lang='lat' dir='ltr'><strong>supradicto,</strong></span> <span class='ocrx_word' id='word_1_88' title='bbox 880 1980 955 2021; x_wconf 87' lang='lat' dir='ltr'><strong>cum</strong></span> <span class='ocrx_word' id='word_1_89' title='bbox 976 1957 1182 2021; x_wconf 89' lang='lat' dir='ltr'><strong>multitudine</strong></span> <span class='ocrx_word' id='word_1_90' title='bbox 1202 1958 1290 2023; x_wconf 87' lang='lat' dir='ltr'><strong>Cleri</strong></span> <span class='ocrx_word' id='word_1_91' title='bbox 1311 1969 1344 2020; x_wconf 86' lang='lat' dir='ltr'><strong>et</strong></span> <span class='ocrx_word' id='word_1_92' title='bbox 1361 1977 1480 2039; x_wconf 79' lang='lat' dir='ltr'><strong>magno</strong></span> 
     </span>
     <span class='ocr_line' id='line_1_13' title="bbox 429 2059 1480 2145; baseline 0.001 -22"><span class='ocrx_word' id='word_1_93' title='bbox 429 2062 562 2145; x_wconf 91' lang='lat' dir='ltr'><strong>popolo,</strong></span> <span class='ocrx_word' id='word_1_94' title='bbox 583 2062 767 2144; x_wconf 82' lang='lat' dir='ltr'><strong>Principum</strong></span> <span class='ocrx_word' id='word_1_95' title='bbox 798 2062 891 2124; x_wconf 89' lang='lat' dir='ltr'><strong>turba</strong></span> <span class='ocrx_word' id='word_1_96' title='bbox 920 2071 954 2124; x_wconf 89' lang='lat' dir='ltr'><strong>et</strong></span> <span class='ocrx_word' id='word_1_97' title='bbox 974 2060 1108 2125; x_wconf 83' lang='lat' dir='ltr'><strong>catervis</strong></span> <span class='ocrx_word' id='word_1_98' title='bbox 1138 2060 1292 2137; x_wconf 89' lang='lat' dir='ltr'><strong>Militum,</strong></span> <span class='ocrx_word' id='word_1_99' title='bbox 1315 2059 1401 2123; x_wconf 86' lang='lat' dir='ltr'><strong>lecta</strong></span> <span class='ocrx_word' id='word_1_100' title='bbox 1428 2070 1480 2123; x_wconf 77' lang='lat' dir='ltr'><strong>est</strong></span> 
     </span>
     <span class='ocr_line' id='line_1_14' title="bbox 427 2161 1477 2246; baseline 0.001 -22"><span class='ocrx_word' id='word_1_101' title='bbox 427 2162 498 2245; x_wconf 83' lang='lat' dir='ltr'><strong>ejus</strong></span> <span class='ocrx_word' id='word_1_102' title='bbox 525 2161 669 2225; x_wconf 83' lang='lat' dir='ltr'><strong>secunda</strong></span> <span class='ocrx_word' id='word_1_103' title='bbox 698 2164 861 2239; x_wconf 82' lang='lat' dir='ltr'><strong>revelatio,</strong></span> <span class='ocrx_word' id='word_1_104' title='bbox 884 2183 927 2227; x_wconf 82' lang='lat' dir='ltr'><strong>ox</strong></span> <span class='ocrx_word' id='word_1_105' title='bbox 959 2164 1083 2227; x_wconf 90' lang='lat' dir='ltr'><strong>tumulo</strong></span> <span class='ocrx_word' id='word_1_106' title='bbox 1114 2183 1179 2246; x_wconf 88' lang='lat' dir='ltr'><strong>quo</strong></span> <span class='ocrx_word' id='word_1_107' title='bbox 1207 2162 1335 2245; x_wconf 87' lang='lat' dir='ltr'><strong>positus</strong></span> <span class='ocrx_word' id='word_1_108' title='bbox 1364 2174 1414 2226; x_wconf 87' lang='lat' dir='ltr'><strong>est</strong></span> <span class='ocrx_word' id='word_1_109' title='bbox 1433 2162 1477 2226; x_wconf 91' lang='lat' dir='ltr'><strong>ab</strong></span> 
     </span>
     <span class='ocr_line' id='line_1_15' title="bbox 428 2262 1481 2354; baseline 0 -27"><span class='ocrx_word' id='word_1_110' title='bbox 428 2262 660 2354; x_wconf 80' lang='lat' dir='ltr'><strong>Archiproesule</strong></span> <span class='ocrx_word' id='word_1_111' title='bbox 688 2262 872 2340; x_wconf 87' lang='lat' dir='ltr'><strong>Dunstano,</strong></span> <span class='ocrx_word' id='word_1_112' title='bbox 896 2274 929 2327; x_wconf 91' lang='lat' dir='ltr'><strong>et</strong></span> <span class='ocrx_word' id='word_1_113' title='bbox 957 2263 990 2325; x_wconf 91' lang='lat' dir='ltr'><strong>in</strong></span> <span class='ocrx_word' id='word_1_114' title='bbox 1020 2264 1133 2326; x_wconf 85' lang='lat' dir='ltr'><strong>feretro</strong></span> <span class='ocrx_word' id='word_1_115' title='bbox 1155 2272 1264 2327; x_wconf 81' lang='lat' dir='ltr'><strong>aurato</strong></span> <span class='ocrx_word' id='word_1_116' title='bbox 1287 2262 1481 2327; x_wconf 86' lang='lat' dir='ltr'><strong>honoranda</strong></span> 
     </span>
     <span class='ocr_line' id='line_1_16' title="bbox 426 2362 1479 2449; baseline -0.002 -20"><span class='ocrx_word' id='word_1_117' title='bbox 426 2387 485 2449; x_wconf 88' lang='lat' dir='ltr'><strong>per</strong></span> <span class='ocrx_word' id='word_1_118' title='bbox 499 2364 563 2429; x_wconf 89' lang='lat' dir='ltr'><strong>Dei</strong></span> <span class='ocrx_word' id='word_1_119' title='bbox 578 2386 685 2429; x_wconf 81' lang='lat' dir='ltr'><strong>servos</strong></span> <span class='ocrx_word' id='word_1_120' title='bbox 698 2366 836 2429; x_wconf 89' lang='lat' dir='ltr'><strong>locatio:</strong></span> <span class='ocrx_word' id='word_1_121' title='bbox 869 2365 927 2428; x_wconf 89' lang='lat' dir='ltr'><strong>ubi</strong></span> <span class='ocrx_word' id='word_1_122' title='bbox 950 2386 989 2429; x_wconf 88' lang='lat' dir='ltr'><strong>ea</strong></span> <span class='ocrx_word' id='word_1_123' title='bbox 1003 2364 1057 2428; x_wconf 90' lang='lat' dir='ltr'><strong>die</strong></span> <span class='ocrx_word' id='word_1_124' title='bbox 1073 2375 1106 2429; x_wconf 87' lang='lat' dir='ltr'><strong>et</strong></span> <span class='ocrx_word' id='word_1_125' title='bbox 1126 2364 1291 2447; x_wconf 88' lang='lat' dir='ltr'><strong>deinceps,</strong></span> <span class='ocrx_word' id='word_1_126' title='bbox 1306 2362 1479 2428; x_wconf 87' lang='lat' dir='ltr'><strong>beneficiis</strong></span> 
     </span>
     <span class='ocr_line' id='line_1_17' title="bbox 426 2464 1477 2549; baseline -0.002 -18"><span class='ocrx_word' id='word_1_127' title='bbox 426 2467 523 2544; x_wconf 91' lang='lat' dir='ltr'><strong>illius,</strong></span> <span class='ocrx_word' id='word_1_128' title='bbox 544 2475 577 2530; x_wconf 89' lang='lat' dir='ltr'><strong>et</strong></span> <span class='ocrx_word' id='word_1_129' title='bbox 605 2466 739 2529; x_wconf 88' lang='lat' dir='ltr'><strong>aliomm</strong></span> <span class='ocrx_word' id='word_1_130' title='bbox 761 2466 808 2529; x_wconf 91' lang='lat' dir='ltr'><strong>ibi</strong></span> <span class='ocrx_word' id='word_1_131' title='bbox 836 2465 1107 2549; x_wconf 86' lang='lat' dir='ltr'><strong>requiescentium</strong></span> <span class='ocrx_word' id='word_1_132' title='bbox 1131 2464 1322 2529; x_wconf 85' lang='lat' dir='ltr'><strong>Sanctorum</strong></span> <span class='ocrx_word' id='word_1_133' title='bbox 1344 2466 1477 2543; x_wconf 88' lang='lat' dir='ltr'><strong>meritis,</strong></span> 
     </span>
     <span class='ocr_line' id='line_1_18' title="bbox 426 2567 1476 2651; baseline 0 -19"><span class='ocrx_word' id='word_1_134' title='bbox 426 2577 615 2651; x_wconf 71' lang='lat' dir='ltr'><strong>prestantur</strong></span> <span class='ocrx_word' id='word_1_135' title='bbox 635 2570 806 2633; x_wconf 86' lang='lat' dir='ltr'><strong>sanitatum</strong></span> <span class='ocrx_word' id='word_1_136' title='bbox 829 2567 914 2630; x_wconf 89' lang='lat' dir='ltr'><strong>dona</strong></span> <span class='ocrx_word' id='word_1_137' title='bbox 934 2568 1053 2643; x_wconf 88' lang='lat' dir='ltr'><strong>multis,</strong></span> <span class='ocrx_word' id='word_1_138' title='bbox 1073 2567 1114 2632; x_wconf 87' lang='lat' dir='ltr'><strong>ad</strong></span> <span class='ocrx_word' id='word_1_139' title='bbox 1137 2567 1265 2631; x_wconf 89' lang='lat' dir='ltr'><strong>laudem</strong></span> <span class='ocrx_word' id='word_1_140' title='bbox 1288 2579 1321 2632; x_wconf 86' lang='lat' dir='ltr'><strong>et</strong></span> <span class='ocrx_word' id='word_1_141' title='bbox 1342 2569 1476 2651; x_wconf 77' lang='lat' dir='ltr'><strong>gloriam</strong></span> 
     </span>
     <span class='ocr_line' id='line_1_19' title="bbox 428 2669 1478 2756; baseline 0.006 -22"><span class='ocrx_word' id='word_1_142' title='bbox 428 2671 560 2736; x_wconf 89' lang='lat' dir='ltr'><strong>Domini</strong></span> <span class='ocrx_word' id='word_1_143' title='bbox 583 2672 682 2735; x_wconf 91' lang='lat' dir='ltr'><strong>nostri</strong></span> <span class='ocrx_word' id='word_1_144' title='bbox 696 2672 774 2736; x_wconf 85' lang='lat' dir='ltr'><strong>Jesu</strong></span> <span class='ocrx_word' id='word_1_145' title='bbox 790 2671 918 2749; x_wconf 85' lang='lat' dir='ltr'><strong>Christi,</strong></span> <span class='ocrx_word' id='word_1_146' title='bbox 934 2669 992 2756; x_wconf 89' lang='lat' dir='ltr'><strong>qui</strong></span> <span class='ocrx_word' id='word_1_147' title='bbox 1012 2670 1090 2735; x_wconf 87' lang='lat' dir='ltr'><strong>vivit</strong></span> <span class='ocrx_word' id='word_1_148' title='bbox 1108 2678 1141 2736; x_wconf 87' lang='lat' dir='ltr'><strong>et</strong></span> <span class='ocrx_word' id='word_1_149' title='bbox 1161 2679 1272 2754; x_wconf 82' lang='lat' dir='ltr'><strong>regnat</strong></span> <span class='ocrx_word' id='word_1_150' title='bbox 1284 2691 1346 2755; x_wconf 87' lang='lat' dir='ltr'><strong>per</strong></span> <span class='ocrx_word' id='word_1_151' title='bbox 1367 2674 1478 2740; x_wconf 81' lang='lat' dir='ltr'><strong>omnia</strong></span> 
     </span>
     <span class='ocr_line' id='line_1_20' title="bbox 427 2775 915 2838; baseline -0.002 -1"><span class='ocrx_word' id='word_1_152' title='bbox 427 2775 546 2838; x_wconf 82' lang='lat' dir='ltr'><strong>saecula</strong></span> <span class='ocrx_word' id='word_1_153' title='bbox 559 2775 758 2838; x_wconf 83' lang='lat' dir='ltr'><strong>soeculorum.</strong></span> <span class='ocrx_word' id='word_1_154' title='bbox 802 2776 915 2838; x_wconf 82' lang='lat' dir='ltr'><strong>Amen.</strong></span> 
     </span>
    </p>
   </div>
   <div class='ocr_carea' id='block_1_3' title="bbox 0 0 1884 5425">
    <p class='ocr_par' dir='ltr' id='par_1_3' title="bbox 0 0 1884 5425">
     <span class='ocr_line' id='line_1_21' title="bbox 0 0 1884 5425; baseline 0 4"><span class='ocrx_word' id='word_1_155' title='bbox 0 0 1884 5425; x_wconf 95' lang='lat' dir='ltr'><strong> </strong></span> 
     </span>
    </p>
   </div>
  </div>
 </body>
</html>
