3759 5425
624 714 1097 762 nnmnnrnusvrnorrurarrs.
1343 700 1385 759 43

331 879 363 928 et
390 867 478 930 intra
506 867 631 949 sagacis
661 867 760 930 animi
792 871 947 933 conclave
976 868 1156 933 radicatum
1186 869 1386 933 heresceret.

333 969 436 1050 Igitur
465 969 696 1034 consummatis
722 972 1012 1036 Grammaticorum
1035 970 1160 1046 studiis,
1182 979 1217 1036 et
1239 971 1388 1035 Philoso-

332 1070 472 1154 phorum
490 1071 683 1156 disciplinis,
698 1095 772 1156 quae
789 1081 808 1138 7
826 1075 997 1159 speciebus
1018 1073 1226 1138 dirimuntur:
1265 1074 1306 1137 Id
1327 1083 1387 1153 est,

333 1174 560 1252 Grammatica,
583 1174 769 1253 Rhetorica,
790 1176 984 1258 Dialectica,
1006 1175 1226 1255 Arithmetiea,
1246 1176 1388 1254 Musica,

333 1276 551 1346 Geometrica,
576 1278 793 1354 Astronomia,
816 1300 891 1342 cum
913 1277 954 1342 ad
978 1277 1213 1341 sacratissimos
1238 1278 1387 1360 Evange-

331 1379 447 1442 liorum
463 1379 575 1462 apices
589 1381 741 1458 venisset,
757 1382 951 1466 quantocius
965 1391 1084 1444 cuncta
1098 1379 1280 1442 Stoicorum
1294 1399 1387 1460 argu·

333 1493 442 1545 menta
456 1493 489 1544 et
499 1482 720 1546 Aristotelicas
736 1484 924 1564 categorias,
939 1504 1013 1568 quae
1024 1481 1057 1544 X
1067 1480 1389 1565 praedicamentorum

333 1584 505 1664 genermus
520 1581 770 1666 distinguuntur,
780 1584 867 1648 dicto
883 1584 978 1648 citius
993 1583 1149 1666 dispexit,
1165 1582 1242 1645 dum
1258 1583 1390 1646 solerter

333 1684 608 1764 animadverteret,
645 1698 800 1769 quantum
838 1687 978 1750 coelestis
1013 1684 1232 1770 philosophias
1269 1683 1388 1765 dogma

332 1785 444 1849 mundi
483 1787 684 1872 disciplinas,
713 1799 746 1853 et
774 1789 954 1852 mortalium
992 1799 1175 1853 commenta
1202 1797 1388 1872 praestaret3

333 1909 474 1973 cumque
497 1892 713 1972 regenerantis
739 1893 849 1974 gratiae
875 1893 972 1956 vulva
996 1904 1186 1974 conceptus,
1209 1899 1241 1952 et
1264 1890 1389 1954 foetosis

332 1989 516 2074 baptisterii
536 1992 691 2074 partubus
714 1991 820 2056 editus
842 1992 877 2055 in
901 1989 1093 2054 venerandis
1111 1989 1269 2053 Ecclesiae
1290 2011 1388 2054 cuna-

332 2092 420 2154 bulis
435 2091 618 2170 nutriretur,
633 2095 799 2176 extemplo
814 2103 890 2176 post
906 2092 1087 2156 rudimenta
1100 2091 1189 2170 fidei,
1204 2092 1389 2176 neophytus

332 2193 516 2276 discipulus
537 2194 675 2258 efficitur
699 2196 891 2279 dogmatista
910 2196 1103 2281 praecipuus,
1123 2194 1201 2258 dum
1224 2194 1388 2258 Christum

219 2289 221 2294 ’
332 2297 396 2359 Dei
411 2293 517 2358 filium
532 2316 735 2381 nequaquam
750 2297 945 2381 perfidorum
960 2296 1146 2360 discrimina
1159 2295 1390 2379 pertimescens

332 2399 462 2462 cunctis
476 2398 612 2481 publica
627 2419 706 2464 voce
721 2401 880 2481 propalat.
925 2397 1023 2470 Quod
1038 2398 1164 2480 genitor
1176 2395 1345 2475 adfinium,
1358 2407 1391 2460 et

332 2498 618 2562 contubernalium
646 2499 800 2564 relatione
829 2500 885 2562 ubi
922 2498 1087 2581 comperit,
1116 2495 1256 2560 eundem
1285 2495 1389 2558 lilium

333 2609 449 2662 contra
480 2597 557 2681 jura
585 2608 707 2662 naturae
736 2598 879 2662 latibulis
910 2597 1122 2661 carceralibus
1150 2593 1330 2672 artandum,
1359 2604 1392 2658 et

333 2703 428 2767 tarnis
458 2699 570 2765 inedia
598 2700 827 2765 macerandum
858 2697 1008 2764 includit.
1064 2695 1219 2779 Alioquin
1249 2706 1282 2759 et
1316 2716 1390 2779 pro·

333 2805 548 2889 scriptionem
584 2824 688 2866 rerum
719 2814 750 2867 et
786 2799 972 2887 patrimonii
1001 2797 1161 2883 jacturam
1189 2796 1330 2879 insuper,
1359 2806 1392 2859 et

333 2906 473 2991 capitale
489 2904 663 2967 discrimen
682 2904 905 2987 perhorrescit,
918 2923 961 2964 ne
976 2901 1018 2963 ab
1034 2899 1283 2983 Imperatoribus
1302 2900 1391 2963 locu·

333 3008 404 3090 ples
436 3024 590 3086 gazarum
620 3004 795 3089 opulentia,
820 3024 894 3067 cum
925 3003 998 3065 vitas
1027 3001 1218 3064 detrimento
1247 3000 1391 3064 funditus

334 3112 548 3175 infiscaretur.
594 3110 683 3190 Ergo
704 3128 777 3172 cum
799 3106 1066 3171 animadverteret
1081 3103 1283 3168 Christianos
1302 3125 1391 3167 acer·

333 3214 469 3277 bitatem
491 3232 661 3294 poenarum
683 3212 823 3275 libenter
844 3211 964 3273 laturos
983 3206 1052 3292 jam
1073 3228 1139 3270 non
1161 3215 1391 3269 tormentorum

335 3314 510 3398 supplicio,
532 3313 590 3377 sed
611 3312 904 3376 blandimentorum
926 3309 1100 3385 lenocinio,
1119 3317 1232 3370 natum
1252 3305 1294 3369 ad
1314 3326 1391 3370 suos

334 3415 448 3479 libitus
459 3415 589 3479 flectere
598 3415 720 3492 nititur,
732 3412 878 3476 auferens
889 3410 980 3473 illum
993 3408 1033 3473 de
1042 3408 1203 3491 ergastulo
1213 3408 1392 3489 squalente,

336 3517 504 3582 olosericis
526 3528 558 3580 et
580 3514 773 3580 bombicinis
796 3513 947 3577 indutum
968 3510 1111 3574 vestibus
1130 3508 1219 3571 misit
1240 3508 1274 3570 in
1292 3507 1392 3571 tricli-

335 3619 438 3695 nium,
459 3617 516 3680 ubi
537 3616 761 3699 pulcherrimae
783 3614 933 3695 Virgines
953 3608 1103 3693 pretiosis
1124 3618 1262 3688 comptae
1284 3608 1392 3689 cycla-

337 3720 435 3783 dibus
458 3719 616 3783 dclicatas
639 3716 754 3781 defruti
779 3714 917 3791 delitias,
937 3723 972 3776 et
992 3720 1181 3793 sumptuosa
1201 3707 1393 3770 ferculorum

337 3824 485 3887 convivia
520 3830 748 3906 praepararent,
784 3822 955 3883 effrenatos
989 3814 1109 3878 laetitiae
1146 3811 1332 3888 cachinnos,
1361 3821 1395 3874 et

333 3924 463 4007 jocosos
477 3924 628 3989 ludorum
644 3928 814 4008 amplexus
831 3923 1016 3995 miscentes,
1031 3918 1115 3981 utin
1134 3915 1253 3978 talibus
1266 3913 1393 3991 blandis

338 4028 454 4091 mentis
484 4028 585 4090 ferrea
609 4025 739 4110 juvenis
764 4022 943 4109 praecordia
971 4022 1203 4085 mollescerent.
1248 4017 1315 4082 Sed
1345 4018 1395 4080 vir

339 4130 410 4193 Deo
437 4128 572 4193 deditus
594 4149 655 4191 nec
680 4130 787 4192 mulsa
809 4129 976 4209 epularum
999 4124 1113 4205 sagina
1133 4129 1310 4203 superatur,
1331 4139 1392 4182 neo

338 4232 477 4296 formosa
499 4231 669 4312 Virginum
690 4240 855 4293 venustate
876 4225 1066 4310 apropositi
1087 4224 1191 4305 rigore
1210 4219 1395 4298 reflectitur,

339 4334 393 4397 sed
420 4333 533 4397 mollia
554 4331 736 4416 puellarum
755 4330 856 4407 labra,
878 4340 914 4391 ut
934 4326 1052 4391 nociva
1069 4324 1247 4407 viperarum
1270 4341 1397 4386 venena

339 4434 492 4513 declinat,
522 4432 614 4517 parvi
651 4430 797 4515 pendens
833 4426 1044 4513 Epithalamii
1079 4424 1230 4507 elogium,
1258 4424 1292 4487 in
1328 4446 1394 4507 quo

339 4552 467 4605 cantum
484 4548 551 4602 est:

531 4640 632 4695 Mellea
645 4646 704 4693 tunc
718 4640 798 4692 roseis
809 4638 955 4693 haerescunt
965 4636 1036 4691 labia
1048 4636 1136 4691 labris.
