3759 5425
510 698 666 744 snosrur
685 697 840 744 arrarum
856 699 899 744 au
915 700 1069 746 sonoram
1084 702 1282 748 anonrusu.
1373 688 1433 746 107

380 849 523 914 Pleisdis
536 851 674 934 pulchra
690 851 808 935 copula

920 853 971 915 Ab
985 854 1126 919 Atlantis
1140 855 1301 938 prosapia.

381 952 464 1016 Haec
477 953 699 1018 conscendunt
708 973 765 1036 per
774 953 893 1018 aethera
921 955 973 1018 Ab
989 964 1061 1020 ortu
1075 957 1162 1022 Solis
1177 956 1300 1020 sidera:

381 1053 474 1118 Tunc
491 1055 559 1137 pari
574 1055 667 1119 lance
683 1053 820 1138 limpida

381 1154 543 1232 zodiacus
558 1176 633 1220 cum
648 1167 762 1220 caetera

380 1255 486 1328 Quem
501 1257 670 1320 Macaroth
685 1257 862 1340 reperimus

382 1357 528 1422 Bissenis
543 1380 617 1422 cum
632 1359 794 1424 sideribus

383 1458 453 1523 Nec
468 1460 614 1526 radiabat
627 1462 741 1526 rutilus

382 1566 469 1640 Quia
482 1569 584 1632 nubes
599 1567 768 1650 nigerrima

382 1669 533 1732 Attamen
547 1669 684 1749 flagrant
698 1669 832 1732 fulmina

383 1768 522 1841 Quando
536 1771 708 1854 pallentem
723 1770 867 1855 pendula

382 1870 523 1942 Quarum
538 1885 652 1936 natura
665 1871 810 1934 nubibus

383 1971 521 2034 Necnon
537 1973 659 2036 marina
673 1972 791 2036 caerula

383 2071 456 2144 Qua
470 2073 533 2135 ruit
546 2073 680 2156 irruptio

383 2172 444 2236 Per
457 2174 564 2257 pelagi
579 2173 696 2240 itinera

383 2275 467 2339 Cum
481 2276 578 2340 bullis
593 2287 626 2340 et
639 2277 838 2340 brumalibus

382 2375 535 2441 Oceanus
549 2399 623 2441 cum
637 2379 779 2442 molibus

383 2476 537 2542 Pulsabat
551 2480 781 2562 promontoria,

383 2577 439 2642 Sic
455 2584 659 2662 turgescebat
674 2581 819 2646 trucibus

383 2681 563 2763 infligendo
578 2680 766 2749 fluminibus

384 2783 471 2856 Quid
486 2785 591 2851 dicam
608 2786 648 2850 de
663 2786 849 2868 ingentibus

383 2886 465 2957 Quae
480 2888 587 2951 nullus
602 2895 724 2971 nequet
737 2906 870 2951 numero

384 2986 438 3050 En
454 2989 554 3052 multa
568 2986 600 3051 in
617 2987 772 3051 miraculo

385 3087 480 3152 Clara
495 3088 614 3153 Christi
630 3088 802 3153 clementia

384 3189 469 3254 Cum
484 3201 571 3271 grata
585 3190 747 3272 gallicinia

384 3289 583 3354 Suscitarent
597 3290 786 3355 sonantibus

384 3391 470 3455 Tum
484 3390 571 3454 binis
587 3400 706 3454 stantes
721 3390 888 3466 classibus,

385 3492 579 3557 Matutiuam
594 3490 768 3555 melodiam

384 3597 438 3660 En
454 3594 563 3659 statim
576 3596 689 3675 fulcra,
704 3595 844 3672 flamine,

384 3697 489 3779 Tigna
504 3706 572 3761 tota
585 3718 659 3760 cum
676 3697 820 3760 trabibus

385 3798 589 3863 Vecillabant
603 3800 645 3863 ab
662 3799 812 3861 omnibus

385 3900 425 3963 In
440 3898 537 3963 tantis
551 3898 795 3982 tempestatibus

385 4002 506 4065 Nostra
519 4011 640 4083 pavent
653 3998 832 4085 praecordia

385 4100 523 4174 Quando
539 4102 714 4165 cernebant
728 4100 851 4165 lumina

387 4201 575 4267 Horrisonis
589 4202 766 4285 fragoribus

255 4375 261 4385 .
386 4302 471 4366 Tum
486 4303 615 4367 undem
631 4324 727 4367 cursu
743 4311 872 4366 caterva

387 4402 517 4467 Portum
532 4404 614 4487 petit
630 4403 779 4467 Basilica

384 4502 443 4567 Sic
459 4504 622 4586 pelluntur
636 4502 779 4587 pericula

917 1056 1024 1119 Librae
1039 1057 1185 1139 torpebat
1199 1057 1320 1122 trutina

914 1155 1035 1238 Cyclus
1050 1158 1190 1221 fuscatur
1205 1167 1345 1236 caterva,

918 1259 1109 1342 Nuncupari
1124 1259 1312 1342 antiquitus,

917 1361 979 1423 Per
994 1361 1170 1444 Olympum
1184 1361 1378 1424 lucentibus.

915 1462 1008 1526 Sicut
1021 1464 1147 1527 solebat
1161 1463 1277 1540 Sirius,

919 1567 1134 1632 Abscondunt
1147 1569 1241 1652 polos
1255 1567 1354 1650 pallia

921 1669 1000 1732 Late
1015 1690 1073 1753 per
1086 1668 1157 1732 caeli
1173 1669 1316 1732 culmina

919 1771 1098 1836 Flammam
1113 1779 1247 1834 vomunt
1261 1770 1388 1852 fastigia

918 1870 1070 1935 Procedit
1084 1870 1334 1935 collidentibus:

920 1973 1148 2036 Glomerantur
1161 1973 1196 2036 iu
1212 1973 1331 2053 glarea.

920 2075 1096 2137 Ventorum
1111 2094 1150 2136 ac
1166 2074 1329 2157 correptio

921 2174 1013 2240 Salsa
1027 2177 1222 2258 spumabant
1236 2195 1367 2259 aequora

922 2275 1076 2340 Undosus
1091 2285 1203 2339 vortex
1217 2275 1380 2352 fluctibus,

922 2380 1029 2460 Atque
1044 2377 1122 2441 diris
1136 2376 1347 2442 dodrantibus

920 2479 1121 2560 Suffragante
1136 2480 1278 2544 victoria.

919 2581 1044 2645 Pontus
1059 2591 1225 2645 ventorum
1239 2581 1369 2644 flatibus

919 2682 1108 2767 scopulosis
1123 2682 1329 2764 marginibus.

922 2783 1096 2848 Altitbroui
1110 2782 1264 2866 operibus

921 2886 1116 2968 Computure
1131 2884 1165 2947 in
1180 2880 1331 2949 calculo?

923 2987 1022 3049 Nunc
1040 2996 1196 3069 apparent
1210 2984 1381 3069 propatulo

925 3086 987 3150 Per
1001 3087 1070 3151 baec
1086 3086 1170 3151 lacta
1184 3087 1336 3164 recentia,

921 3188 1021 3261 Quasi
1038 3200 1152 3271 quarta
1167 3188 1275 3271 vigilia

921 3288 1165 3352 Somniculosos
1180 3287 1339 3353 cantibus.

922 3388 1131 3453 Celebramus
1146 3388 1360 3451 concentibus

918 3492 968 3554 Ac
984 3489 1117 3573 synaxis
1131 3487 1355 3572 psalmodiam.

921 3593 1088 3656 Nutabant
1103 3612 1123 3655 a
1136 3589 1324 3655 fundamine

921 3691 1150 3756 Tremebuuda
1163 3690 1349 3773 ingentibus

920 3796 1011 3859 Aulae
1025 3794 1164 3877 pulsatis
1178 3790 1334 3875 partibus,

920 3899 970 3960 Ac
984 3897 1116 3958 Aurorae
1131 3893 1315 3957 turbinibus

918 3997 984 4060 Tot
997 4005 1213 4058 monstrorum
1224 3991 1372 4077 prodigia

922 4099 1024 4161 Tecta
1038 4105 1072 4159 et
1084 4094 1249 4178 laquearia

921 4197 1061 4264 Concuti
1073 4204 1105 4259 et
1120 4194 1307 4278 creporibus

922 4299 1095 4364 Contracta
1109 4296 1260 4377 linquens
1274 4294 1396 4379 limina,

925 4399 1104 4482 Populunte
1119 4394 1273 4479 pernicie,

926 4501 988 4563 Per
1001 4497 1112 4561 matris
1126 4496 1322 4560 adminicula
