3759 5425
790 711 832 756 DE
847 707 1011 755 reuulsus
1025 705 1204 754 mutaturus.

550 863 638 928 Dum
653 865 759 948 salpix
774 873 896 948 crepat,
910 871 943 926 et
957 862 1078 944 clangit
1092 881 1157 924 vox
1173 861 1259 924 clare
1273 857 1432 931 tubarum,

549 967 749 1032 Adventante
765 967 848 1046 Deo,
863 966 921 1051 qui
937 965 1064 1054 cunctis
1077 963 1211 1048 proemia
1225 970 1350 1044 penset,

551 1071 615 1135 Seu
629 1070 684 1154 pie
697 1070 858 1154 perfectis,
873 1089 930 1132 seu
945 1079 1030 1133 certe
1044 1087 1131 1130 saeva
1143 1063 1297 1149 profanis.

593 1171 647 1236 Sic
663 1191 793 1257 quoque
809 1170 939 1235 famosis
951 1168 1114 1234 decorarit
1127 1167 1247 1232 soecula
1260 1163 1361 1246 signis

550 1273 704 1357 Vrrgineo
719 1275 856 1357 flagrans
872 1274 1026 1337 Heliseus
1040 1271 1120 1334 flore
1135 1268 1303 1354 propheta·

549 1376 655 1439 Aurea
668 1375 755 1439 hunc
769 1375 896 1439 bombis
910 1384 1097 1438 nascentem
1111 1371 1229 1435 bacula
1243 1379 1348 1431 vatem

551 1475 704 1558 Signarit,
719 1477 871 1560 quoniam
886 1473 1044 1539 destruxit
1058 1493 1148 1537 sacra
1163 1471 1326 1534 Deorum:

550 1577 686 1640 Munere
703 1597 798 1661 quern
813 1576 913 1660 duplo
928 1575 1052 1640 ditabat
1066 1574 1196 1657 spiritus
1209 1572 1328 1635 almus:

551 1675 654 1742 Lauta
669 1699 877 1762 supernarum
888 1678 946 1761 qui
959 1677 1084 1741 confert
1098 1673 1209 1738 munia
1221 1692 1337 1746 rerum,

550 1779 685 1864 Singula
697 1801 755 1864 per
769 1791 898 1844 sanctos
913 1781 1083 1844 cumulans
1097 1777 1289 1841 charismata
1302 1783 1446 1851 mentcs3

549 1882 683 1948 Excitet
695 1881 853 1947 horrenda
867 1883 1074 1947 constrictum
1088 1888 1191 1942 morte
1204 1875 1351 1953 cadaver,

551 1985 704 2057 Quamvis
714 1981 785 2071 jam
797 1985 879 2049 lethi
894 1985 1018 2068 sopitus
1032 1993 1118 2047 sorte
1132 1981 1257 2057 fuisset,

551 2085 612 2149 Ast
625 2105 741 2170 pueros
756 2084 900 2165 stolidos,
916 2094 1065 2150 sanctum
1079 2085 1137 2169 qui
1151 2101 1282 2165 carpere
1297 2087 1402 2142 ratem

550 2187 597 2251 Et
610 2187 730 2250 laniare
741 2185 870 2250 student
883 2187 1040 2251 bombosa
1054 2205 1133 2248 voce
1147 2183 1320 2246 trementes

551 2287 700 2352 Tradidit
713 2309 857 2352 ursomm
872 2287 1073 2352 mandendos
1087 2285 1219 2351 rictibus
1234 2284 1328 2360 ultro,

552 2388 722 2454 cuviuom
736 2389 851 2473 cepitis
866 2409 1046 2454 scurrarum
1059 2409 1148 2453 more
1161 2389 1340 2471 loquentes.

552 2493 607 2558 Sic
618 2494 709 2558 Deus
722 2494 875 2559 horrifera
885 2506 1015 2560 sanctos
1029 2493 1196 2560 ulciscitur
1208 2492 1266 2568 irn,

551 2594 597 2658 Et
611 2596 723 2660 merito
738 2597 851 2680 plectit
864 2605 1041 2682 peccantes
1055 2596 1185 2660 verbere
1199 2614 1294 2658 sero.

594 2698 778 2765 Hieremias
791 2698 871 2764 bino
884 2699 1028 2784 pollebat
1041 2719 1172 2763 munere
1188 2697 1303 2774 clarus,

551 2800 736 2873 Quamlibet
749 2802 924 2867 innumeris
939 2814 1025 2866 esset
1038 2801 1214 2866 ditissimus
1227 2799 1322 2862 heros

552 2902 712 2967 Virtutum
728 2901 831 2982 donis,
845 2924 925 2988 quas
941 2905 1060 2969 Christi
1074 2905 1175 2987 gratia
1189 2903 1322 2967 confert.

552 3002 617 3066 Sed
632 3014 740 3067 tamen
755 3012 791 3068 ut
805 3005 887 3085 dixi,
898 3004 963 3069 duo
977 3006 1120 3070 maxima
1134 3006 1244 3069 munia
1258 3014 1419 3080 constant,

551 3102 652 3167 Hunc
668 3106 724 3188 pia
738 3106 902 3189 virginitas
916 3109 1052 3172 ornabat
1065 3108 1143 3170 dore
1159 3106 1291 3191 pudoris

552 3206 691 3287 integris
705 3216 806 3270 totum
822 3217 1002 3272 servantem
1016 3208 1142 3292 legibus
1153 3229 1272 3272 aevum:

551 3309 658 3390 Atque
673 3328 811 3392 superna
825 3310 888 3373 Dei
901 3318 1004 3375 vatem
1019 3310 1232 3394 praesagmina
1245 3308 1356 3386 ditem,

551 3408 687 3475 Coelitus
701 3411 889 3495 implebant,
902 3425 940 3476 ut
953 3424 1064 3477 nosset
1077 3413 1188 3477 clausa
1199 3412 1342 3489 latebris,

553 3514 598 3575 Et
611 3534 750 3579 reserare
765 3516 834 3598 poli
848 3525 958 3599 posset
972 3518 1147 3600 penetralia
1161 3535 1273 3581 sensu:

551 3614 655 3687 Quem
670 3616 761 3679 Deus
777 3637 819 3680 ex
834 3616 914 3679 uteri
930 3616 1068 3681 sacravit
1081 3617 1212 3681 matrice
1228 3615 1383 3680 mundum

552 3715 636 3779 Ante
651 3718 815 3801 praesentis
830 3738 925 3802 quam
940 3729 1053 3782 nosset
1065 3718 1187 3782 lumine
1202 3718 1286 3795 ritae,

553 3818 601 3881 Ut
614 3817 695 3882 soret
710 3819 831 3883 affatim
846 3840 998 3903 promens
1012 3821 1144 3884 oracula
1156 3820 1251 3885 vatis:

552 3918 604 3982 Dc
618 3941 685 4003 quo
700 3922 842 3985 coelestis
857 3922 941 3986 fatur
955 3924 1113 3987 sententia
1126 3924 1226 4008 patris

554 4021 652 4096 Quod
667 4021 801 4102 dudum,
816 4044 912 4107 quem
928 4034 1078 4088 nascatur
1093 4025 1134 4088 de
1149 4026 1269 4089 viscere
1284 4023 1403 4101 matris,

554 4122 815 4189 Sanctificaretur
828 4125 992 4210 praestanti
1008 4147 1139 4190 munere
1152 4127 1251 4210 virgo.

553 4225 693 4290 Mittitur
706 4224 827 4289 interea
840 4246 919 4289 mox
930 4226 1102 4291 vaticinare
1117 4226 1285 4312 propheta,

554 4327 721 4392 Daemonis
736 4340 773 4391 ut
785 4348 929 4410 regnum,
944 4350 1004 4393 nec
1019 4350 1085 4392 nou
1100 4341 1133 4392 et
1147 4339 1273 4414 sceptra
1287 4330 1413 4412 tyranni

553 4428 670 4493 Diruet
682 4429 716 4491 in
731 4428 851 4492 mundo
867 4430 963 4493 fretus
977 4430 1091 4495 virtute
1105 4431 1254 4505 tonantis,

557 4530 602 4592 Et
615 4546 748 4607 reguum
763 4529 838 4591 omli
853 4529 1014 4594 destructa
1026 4530 1136 4597 fraude
1148 4532 1292 4614 maligni,
