3759 5425
490 679 527 735 ld
842 696 867 740 S.
884 691 1061 738 ALDHELMI
1078 692 1180 738 trusa

483 845 580 924 longe
595 843 756 928 disparem
772 847 974 921 arbitrantes,
987 856 1175 909 caeterorum
1190 844 1352 927 praeconia
1365 865 1401 906 se
1415 843 1540 904 incom·
1656 848 1657 851 ’

485 945 669 1030 parabiliter
688 947 913 1010 transcendere
934 945 1113 1024 confidunt,
1127 943 1209 1009 illud
1227 943 1464 1028 quodammodo
1479 943 1542 1004 ob-

483 1051 644 1115 literantes
660 1064 691 1115 et
708 1061 783 1135 post
805 1061 927 1134 tergum
950 1061 1126 1136 ponentes:
1152 1053 1266 1114 Omrtis
1281 1053 1338 1134 qui
1357 1071 1390 1112 se
1408 1050 1541 1112 exaltat

484 1151 727 1230 famulabitur,
748 1160 780 1216 et
804 1155 863 1236 qui
887 1175 920 1216 se
945 1155 1101 1216 humiliat
1125 1150 1340 1215 exaltabitur.
1394 1150 1540 1214 sienim
1657 1148 1658 1157 ’

483 1255 578 1317 nobis
611 1253 864 1318 incontaminata
892 1255 1006 1317 Mariae
1036 1255 1210 1336 Virginitas
1237 1255 1438 1317 incarnatum
1471 1250 1539 1315 Dei

484 1356 617 1418 verbum
639 1355 762 1418 coelesti
784 1355 954 1439 puerperio
975 1355 1117 1438 peperit:
1152 1364 1260 1418 tamen
1286 1373 1417 1442 emenso
1442 1352 1539 1415 unius

483 1454 694 1518 hebdomadis
725 1456 884 1518 curriculo
917 1457 1014 1519 Anna
1050 1454 1118 1517 filia
1153 1455 1300 1518 Phanuel
1335 1453 1540 1538 prophetissa

483 1554 620 1618 eundem
643 1553 877 1638 redemptorem
900 1556 1106 1620 Sacrosancti
1126 1555 1264 1637 Spiritus
1283 1553 1441 1638 praesagio
1456 1552 1537 1615 vati·

483 1658 657 1721 oiuabatur.
702 1658 748 1720 Et
767 1657 842 1720 ideo
863 1667 997 1742 uterque
1020 1657 1139 1738 gradus
1158 1657 1191 1720 in
1213 1657 1340 1720 Diviuae
1363 1654 1538 1718 nativitatis

482 1756 615 1821 exordio
627 1757 816 1839 Virginibus
827 1769 859 1822 et
869 1758 974 1821 viduis
989 1766 1196 1822 consecratus
1210 1756 1368 1834 clarescit,
1379 1766 1538 1839 quatenus

483 1871 627 1923 centenae
657 1861 756 1942 frugis
787 1861 882 1944 copia
912 1861 1048 1924 ubertim
1078 1861 1295 1942 locupletatus
1330 1877 1536 1940 nequaquam

482 1961 653 2042 sexagenis
674 1963 910 2044 manipulorum
929 1961 1094 2026 fasciculis
1114 1961 1248 2024 ditatum
1264 1960 1426 2045 jactanter
1444 1956 1538 2041 parvi

480 2061 621 2144 pendere
636 2073 818 2145 prasumat,
829 2085 869 2126 ne
886 2065 1014 2126 occasio
1029 2084 1192 2147 corporeas
1210 2060 1407 2142 Virginitatis
1419 2059 1538 2122 vulnus

480 2161 514 2222 in
530 2173 638 2224 mente
654 2163 764 2244 gignat
778 2163 936 2239 elationis,
952 2173 1008 2226 aut
1022 2162 1198 2226 remedium
1214 2161 1378 2244 sospitatis
1392 2159 1536 2222 fomitem

481 2259 600 2322 nutn'at
624 2259 824 2341 perditionis.
879 2259 1040 2324 Deflenda
1064 2282 1204 2344 namque
1230 2271 1280 2324 est
1304 2259 1480 2336 calamitas,
1506 2259 1538 2322 si

480 2361 564 2423 alma
585 2361 774 2423 humilitatis
793 2362 935 2437 materia,
957 2383 1023 2444 qua
1042 2363 1236 2444 reliquarum
1258 2361 1456 2424 incrementa
1473 2361 1538 2422 vir·

480 2469 583 2525 tutum
606 2462 775 2525 salubriter
799 2473 1039 2540 conservantur,
1062 2474 1183 2526 sancte
1205 2462 1390 2545 Virginitati
1416 2461 1537 2526 retina·

479 2564 587 2627 culum
611 2563 772 2645 superbiae
793 2574 849 2626 aut
869 2563 1069 2628 tendiculum
1095 2564 1243 2627 elationis
1268 2571 1449 2640 connectat,
1471 2563 1538 2626 etsi

479 2667 620 2733 theriaca
640 2667 692 2731 vel
714 2664 867 2746 antidota,
890 2688 962 2752 quae
984 2667 1141 2732 letiferum
1163 2666 1249 2730 sirus
1270 2665 1392 2729 auferre
1416 2666 1536 2743 solent,

478 2770 654 2833 immutatis
670 2769 837 2832 ordinibus
853 2768 1045 2833 detrimenta
1059 2768 1172 2833 salutis
1186 2769 1337 2831 existant.

521 2873 613 2934 XIV.
633 2871 663 2932 E
678 2871 835 2934 contrario
847 2883 954 2935 autem
965 2872 1113 2934 nonnulli
1124 2872 1228 2934 beatae
1237 2872 1311 2934 vitoe
1322 2872 1536 2947 aemulatores,

479 2970 534 3054 qui
550 2972 591 3033 ab
607 2971 678 3053 ipso
693 2972 855 3034 nascentis
876 2972 1021 3036 infantia
1039 2972 1222 3036 rudimento
1237 2973 1270 3035 in
1285 2991 1410 3035 summo
1426 2970 1534 3051 Virgi-

478 3072 589 3135 nitatis
606 3072 772 3155 proposito
792 3074 1036 3155 infatigabiliter
1055 3095 1256 3158 perseverare
1276 3096 1342 3137 non
1363 3072 1535 3152 desistunt,

478 3181 512 3236 et
533 3174 602 3236 sine
626 3172 735 3258 aliquo
761 3174 911 3256 puritatis
935 3175 1132 3239 offendiculo
1160 3175 1341 3260 indisrupta
1366 3174 1535 3259 pudicitia

477 3275 631 3359 repagula
652 3274 716 3339 fine
731 3286 826 3339 tenus
848 3278 998 3341 foeliciter
1011 3299 1134 3341 servare
1149 3277 1361 3355 contendunt,
1376 3289 1534 3341 ettamen

475 3375 522 3438 ita
537 3373 654 3438 divinae
671 3374 852 3441 dilectionis
867 3376 998 3441 stimulo
1010 3387 1280 3461 compunguntur,
1291 3389 1323 3441 et
1336 3378 1534 3442 scintillante

477 3477 606 3561 superui
621 3475 742 3540 ardoris
761 3478 868 3542 facula
886 3478 1138 3557 inflammantur,
1152 3491 1188 3543 ut
1203 3479 1348 3564 quotidie
1362 3481 1404 3544 de
1417 3478 1534 3543 mundi

476 3580 657 3643 calamitate
673 3579 815 3643 translati
830 3600 847 3642 e
863 3580 1008 3663 corporis
1022 3582 1180 3663 ergastulo
1194 3581 1350 3662 emigrare
1370 3581 1535 3645 inhianter

476 3683 622 3764 gestiant,
646 3690 678 3745 et
699 3679 741 3744 ad
764 3682 927 3744 coelestem
956 3680 1098 3764 paradisi
1122 3682 1259 3765 patriam
1280 3704 1316 3746 se
1337 3683 1532 3767 quantocius

476 3806 645 3869 properare
668 3784 855 3866 frugalitatis
880 3782 1079 3866 parsimonia
1099 3782 1251 3865 prodant·
1296 3785 1382 3847 Dum
1406 3783 1533 3848 furtivis

476 3883 670 3949 Psalmodiae
694 3885 842 3949 cantibus
862 3894 895 3947 et
914 3884 1004 3948 falsis
1025 3884 1228 3947 lacrimarum
1251 3884 1394 3949 fontibus
1414 3884 1534 3949 ardens

474 3986 592 4051 mentis
621 3984 813 4049 desiderium
844 3985 1046 4051 dissimulare
1075 3996 1248 4070 nequeant,
1272 4007 1310 4050 ao
1336 4008 1394 4071 per
1418 3988 1533 4053 crebra

475 4088 732 4172 compunctionis
755 4089 892 4171 suspiria
912 4088 987 4153 imis
1011 4089 1261 4173 praecordiorum
1285 4090 1383 4153 ilibus
1405 4092 1532 4175 prolata

474 4192 608 4273 gratim
625 4193 846 4273 ingemiscant.
892 4190 1012 4276 Sicque
1033 4193 1187 4257 theorica
1202 4194 1275 4256 vitre
1291 4194 1530 4258 oblectamento

474 4296 611 4360 suaviter
639 4296 803 4376 satiantur,
829 4307 862 4360 at
886 4304 1036 4359 nectareo
1062 4297 1318 4379 contemplativae
1348 4295 1531 4361 dulcedinis

474 4398 581 4463 edulio
611 4397 806 4479 saginantur,
832 4410 870 4462 ut
897 4398 1007 4461 nullus
1034 4399 1068 4460 in
1097 4398 1249 4484 practicae
1278 4400 1530 4463 conversationis

473 4501 589 4579 studio,
605 4520 699 4584 quam
715 4500 873 4564 actualem
887 4499 1075 4577 vocitamus,
1088 4500 1185 4564 etiarn
1208 4500 1378 4565 commissa
1396 4502 1529 4566 fletibus
