3759 5425
518 774 672 818 ruonrrrr
689 773 860 819 cusososu
876 773 971 819 scorr
986 773 1153 835 nrrsrom,
1168 773 1239 820 erc.
1371 761 1413 817 99

363 938 394 989 te
411 947 601 1010 responsum
616 928 763 1008 sperabo.
808 926 962 995 Orantem
981 947 1041 1010 pro
1062 925 1159 988 nobis
1173 924 1412 988 Bestitudinem

364 1035 450 1092 tusm
467 1027 576 1091 divine
591 1029 703 1092 Gratia
719 1027 880 1092 custodire
895 1028 1053 1112 dignetur.

450 1128 577 1193 Christe
591 1137 708 1214 potens
722 1150 838 1208 rerum,
853 1129 1017 1194 redeuntis
1032 1127 1180 1193 conditor
1195 1129 1273 1193 aevi:

449 1231 528 1293 Vox
542 1230 658 1294 summi
674 1251 854 1315 sensusque
870 1231 947 1310 Dei,
962 1252 1060 1316 quem
1073 1229 1158 1294 fudit
1172 1232 1213 1295 ab
1230 1231 1296 1294 altu

449 1330 562 1394 Mente
576 1342 677 1414 pater,
693 1332 835 1417 tantique
851 1331 941 1396 dedit
957 1331 1118 1396 consortis
1131 1331 1230 1413 regni.

450 1429 558 1516 Impia
567 1441 604 1495 tu
618 1440 736 1496 nostrae
751 1431 905 1496 domuisti
921 1433 1057 1497 crimina
1070 1431 1154 1510 vitu,

451 1529 571 1596 Passus
587 1553 740 1616 corpores
754 1533 910 1597 mundum
924 1535 1039 1598 restire
1053 1531 1166 1616 figura,

452 1632 614 1717 Affsrique
629 1634 738 1717 pslsm
751 1635 902 1717 populos,
916 1633 1144 1719 hominemque
1158 1632 1262 1697 fateri.

451 1731 621 1816 Quemque
635 1743 724 1798 utero
739 1733 902 1798 inclusum
916 1735 1042 1813 Mariae,
1056 1754 1135 1798 mox
1149 1732 1281 1797 nmnine
1297 1732 1368 1796 viso

451 1834 595 1917 Virginei
610 1845 753 1900 tumuere
768 1837 868 1916 sinus,
882 1837 1085 1922 innuptaque
1098 1845 1200 1900 meter

450 1936 578 2000 Arcano
594 1938 719 2022 stupuit
733 1939 887 2023 compleri
902 1939 1025 2004 viscera
1037 1946 1142 2022 partu,

450 2039 623 2102 Auctorem
637 2039 777 2122 paritura
792 2061 900 2103 suum:
924 2039 1071 2103 mortalis
1085 2037 1183 2103 corde

449 2137 612 2205 Artificem
628 2149 736 2205 texere
751 2142 829 2225 poli,
843 2140 1020 2226 mundique
1034 2151 1177 2225 repertor

451 2239 531 2304 Pers
546 2242 606 2306 fuit
619 2242 751 2307 humani
767 2243 905 2326 generis,
918 2243 1076 2328 latuitque
1091 2243 1152 2306 sub
1167 2263 1233 2306 uno

451 2341 597 2421 Pectore,
611 2342 667 2428 qui
682 2349 782 2406 totum
797 2345 860 2407 late
873 2344 1096 2428 complectitur
1110 2343 1232 2406 orbem.

451 2443 497 2506 Et
511 2444 647 2526 quinon
663 2444 777 2527 spatiis
792 2453 893 2524 terroe,
906 2465 972 2508 non
988 2444 1127 2528 equoris
1140 2442 1231 2508 undu

453 2543 524 2607 Nec
539 2543 664 2627 capitur
679 2545 772 2622 coelo,
783 2565 898 2628 parvos
913 2545 1073 2609 confluxit
1085 2545 1119 2606 in
1135 2554 1233 2622 artius,

452 2644 537 2718 Quin
553 2653 586 2707 et
600 2644 750 2729 supplicii
765 2666 894 2724 nomen,
908 2666 1078 2731 nexusque
1092 2644 1220 2724 subisti,

456 2747 504 2811 Ut
516 2767 578 2810 nos
593 2748 768 2831 surriperes
782 2749 881 2827 letho,
895 2760 1094 2832 mortemque
1108 2748 1235 2831 fugeres

454 2850 560 2915 Morte
575 2858 642 2926 tus,
655 2870 733 2913 mox
749 2850 895 2913 retheriss
910 2860 1041 2914 evectus
1054 2850 1089 2913 iu
1104 2868 1197 2914 sures

456 2952 593 3035 Purgsts
606 2959 753 3036 repetens
767 2950 875 3014 letum
892 2957 923 3015 te
937 2951 1012 3015 lucc
1026 2961 1192 3035 parentem

454 3063 633 3140 Augustum
648 3055 756 3119 foveas
767 3054 856 3119 festis
871 3065 907 3119 ut
922 3076 1009 3140 sepe
1024 3054 1140 3119 diebus

379 3178 384 3191 “
453 3164 569 3226 Annus
584 3156 702 3222 sinceri
715 3156 856 3221 celebret
864 3154 989 3243 jejunis
1002 3157 1094 3222 sacri.
