3759 5425
588 802 663 847 vrrs
678 803 854 849 sanantur
871 803 1003 850 aanrcro
1017 802 1180 850 sncronn.
1344 790 1406 849 368

354 956 603 1033 hortationibus,
618 977 690 1039 qnae
704 957 778 1039 ipso
798 958 1005 1021 continentur
1023 958 1202 1041 privilegio,
1215 978 1281 1020 non
1304 957 1407 1019 solum

354 1060 391 1120 in
407 1059 463 1121 illo
478 1060 562 1135 loco,
578 1058 783 1121 verumetiam
798 1059 832 1121 in
848 1060 956 1123 multis
971 1060 1050 1123 locis
1065 1060 1201 1141 Angliae,
1212 1058 1408 1122 inhonestati

355 1173 390 1223 ct
404 1160 553 1244 turpibus
567 1160 664 1223 lucris
679 1162 862 1236 servientes,
873 1162 923 1223 sni
935 1172 1103 1225 etsuarum
1117 1182 1217 1223 rerum
1228 1161 1408 1224 libertatem

351 1262 441 1346 justo
457 1262 520 1325 Dei
531 1260 659 1345 jndicio
675 1262 858 1325 amiserunt.
903 1262 1033 1326 Sanctis
1048 1262 1166 1325 etenim
1180 1262 1256 1325 viris
1272 1270 1305 1323 et
1319 1259 1407 1323 omni

355 1364 526 1426 honestate
549 1362 702 1446 pvaeditis,
730 1374 765 1426 ut
787 1364 857 1445 ipse
881 1365 1086 1448 Apostolicus
1108 1364 1142 1426 in
1165 1372 1319 1427 contextu
1341 1382 1407 1425 snat

357 1467 513 1528 orationis
529 1466 584 1538 ait,
601 1464 675 1527 talis
689 1465 820 1529 libertas
835 1465 969 1530 debetur
984 1478 1017 1529 et
1037 1466 1234 1531 conceditur.
1280 1466 1364 1527 Nam
1381 1462 1409 1525 si

355 1568 495 1651 propriae
509 1567 663 1630 voluntati
679 1567 901 1645 servientibus,
916 1580 950 1630 et
969 1568 1103 1631 terrenis
1124 1565 1304 1633 commodis
1325 1564 1408 1627 inbi-

356 1670 497 1743 antibus,
511 1680 600 1731 tanta
614 1669 769 1732 libertatis
784 1670 919 1733 facultas
940 1670 1139 1748 tribueretur,
1162 1669 1260 1734 decor
1282 1667 1353 1730 vitea
1376 1674 1409 1729 et

356 1770 537 1833 sanctitatis
553 1769 680 1833 babitus
693 1792 759 1832 non
775 1769 902 1835 modice
918 1771 1146 1855 deturparetur.

402 1874 482 1944 Quas
499 1872 651 1935 libertatis
666 1873 785 1956 scripta
799 1885 927 1938 sanctus
942 1875 1002 1937 istc
1018 1873 1059 1937 ad
1075 1872 1407 1957 praetitulataMouas·

356 1976 437 2040 teria
451 1974 575 2053 detulit,
590 1987 684 2060 atque
700 1976 827 2039 duobus
843 1988 919 2041 tunc
933 1978 967 2040 in
984 1980 1101 2061 Anglia
1111 1977 1242 2059 regibus
1256 1975 1407 2053 ostendit,

358 2078 427 2140 luae
443 2078 568 2140 scilicet
589 2098 648 2140 suo
671 2079 840 2154 avunculo,
862 2078 946 2159 Regi
970 2079 1149 2155 Saxonum,
1165 2089 1197 2143 et
1218 2076 1409 2156 Etbelredo,

358 2178 442 2257 Regi
468 2178 661 2241 Merciomm
675 2199 698 2240 ε.
717 2199 789 2260 quae
818 2180 913 2243 etiam
936 2176 1035 2243 iidem
1057 2180 1269 2244 strenuissimi
1289 2188 1322 2244 et
1344 2178 1408 2241 Dei

357 2281 431 2342 zelo
445 2278 559 2361 repleti
574 2300 665 2360 reges
685 2300 744 2342 sua
765 2282 954 2344 auctoritate
977 2282 1191 2357 sanciverunt,
1207 2282 1284 2365 qnia
1303 2281 1409 2342 incor-

357 2380 505 2462 ruptibili
534 2380 724 2443 auctoritate
746 2381 934 2463 Apostolica
956 2381 1080 2444 firmata
1102 2388 1341 2463 cognoverunt:
1376 2388 1409 2442 et

359 2480 582 2565 cujuscunque
613 2479 701 2543 modi
726 2481 943 2565 expeditionis
969 2483 1035 2545 sive
1062 2482 1138 2544 belli
1161 2481 1299 2544 turbatio
1325 2480 1409 2543 inter

359 2581 506 2645 confines
521 2582 623 2655 fieret,
638 2582 713 2646 loca
727 2582 904 2665 supradicti
919 2584 1023 2647 Patris
1038 2584 1205 2647 sanctitate
1220 2592 1253 2645 et
1272 2581 1409 2645 scientia

357 2682 541 2761 reverenda,
569 2684 672 2748 libera
700 2685 740 2748 ab
770 2684 859 2748 omni
888 2694 1065 2748 statuemnt
1094 2684 1160 2747 sore
1195 2682 1340 2759 servitio;
1377 2694 1409 2746 et

358 2786 496 2870 posteris
518 2787 584 2849 suis
605 2783 718 2849 itidem
740 2806 778 2849 ea
801 2786 1013 2850 custodienda
1041 2787 1152 2865 literis,
1174 2787 1240 2850 suis
1262 2783 1410 2848 manibus

357 2887 531 2971 impressis,
544 2888 750 2970 reliquerunt.
796 2886 862 2950 Sed
871 2888 999 2950 occasio
1012 2908 1076 2950 non
1089 2886 1217 2950 tenendi
1232 2887 1406 2950 succrevit:

359 2989 433 3073 quia
447 2987 533 3050 enim
550 2989 651 3050 cereis
665 2987 776 3069 figuris
790 2998 950 3052 tantorum
966 2989 1095 3052 Petrum
1109 2999 1229 3053 statuta
1241 3010 1308 3052 non
1318 2988 1409 3051 inve·

359 3102 475 3152 nerunt
504 3090 675 3170 assignata,
703 3089 778 3153 ideo
807 3110 872 3153 non
903 3091 1117 3156 custodienda
1147 3089 1193 3168 (ut
1227 3091 1407 3174 perbibent)

360 3192 542 3255 amiserunt.
588 3191 688 3262 Quasi
711 3191 785 3273 plus
807 3192 924 3255 valeret
944 3192 986 3256 ad
1009 3192 1239 3277 probationem,
1260 3195 1408 3277 peritura

360 3314 441 3356 cerae
457 3292 637 3374 impressio,
652 3312 749 3375 quam
764 3293 952 3375 Apostolica
966 3294 1016 3356 vel
1031 3295 1158 3375 Regum
1166 3293 1239 3379 jure
1254 3294 1411 3360 servanda

359 3397 445 3457 sacta
466 3393 634 3457 institutio.
680 3392 834 3456 Nondum
864 3395 948 3457 enim
978 3395 1188 3458 transmarina
1210 3396 1410 3477 quorundam

360 3494 512 3558 Liburnis
534 3504 624 3557 vecta
645 3493 747 3558 inerat
769 3495 894 3569 astutia,
912 3515 1019 3577 neque
1040 3503 1110 3558 toto
1130 3495 1205 3558 orbe
1226 3515 1409 3579 quanquam

359 3598 528 3660 transitura
556 3608 678 3660 tantum
709 3596 816 3660 adhuc
840 3598 1095 3661 debacchaverat
1116 3595 1265 3673 avaritia3
1303 3594 1410 3660 adbuc

360 3698 447 3761 enim
476 3697 509 3760 in
540 3697 702 3760 mentibus
730 3697 905 3760 multorum
933 3696 1010 3760 fidei
1045 3697 1199 3778 regnabat
1234 3695 1409 3778 integritas,

360 3799 504 3863 nondum
529 3799 600 3861 Deo
627 3798 737 3862 dedite
764 3798 800 3860 in
828 3807 952 3862 tantum
980 3799 1042 3863 sibi
1072 3799 1242 3862 affectabat
1269 3797 1411 3862 bumana

360 3900 531 3984 cupiditas.

404 4002 483 4066 Post
510 4001 592 4079 hac,
615 4003 758 4064 revoluto
787 4000 944 4083 aliquanti
967 4001 1409 4086 temporiscurricu10,dum

360 4115 492 4169 sanctus
507 4104 554 4166 vir
575 4105 607 4166 in
630 4102 838 4167 Meiduneusi
860 4103 1060 4180 ecclesiast
1082 4105 1248 4187 temporali
1270 4124 1361 4187 pace,
1376 4113 1409 4167 et

361 4205 557 4286 Angelorum
587 4204 699 4268 solatio
729 4205 903 4280 frueretur;
939 4215 1093 4285 regnante
1116 4206 1291 4288 Anglorum
1318 4205 1409 4284 Rege

362 4306 497 4384 Osredo,
529 4327 615 4368 anno
650 4305 830 4368 Dominicoe
861 4305 1095 4369 Incamationis
1126 4305 1410 4388 septingentesimo

362 4420 465 4486 sexto,
495 4407 625 4492 quidam
648 4407 818 4469 Britonum
841 4406 970 4468 nomine
993 4416 1086 4471 tenus
1109 4408 1264 4471 Praesules
1286 4406 1411 4471 barreti·

363 4512 482 4574 zabant
491 4508 688 4574 dePascbali
701 4507 835 4572 termino
846 4521 880 4572 et
890 4508 930 4570 de
941 4508 1013 4571 aliis
1022 4508 1167 4592 pluribus
1182 4509 1410 4574 ecclesiasticas

363 4611 612 4676 orthodoxitatis
627 4609 891 4674 institutionibus.
937 4611 1042 4682 Quare
1059 4609 1224 4676 Saxonum
1242 4613 1411 4676 Orientalis
