3759 5425
448 708 468 764 (t
810 727 834 770 s.
851 725 1026 770 annuatur
1043 725 1144 770 mnan

450 875 638 938 mortalibus
657 875 689 938 in
711 877 792 940 valle
814 879 1047 962 lachrymarum
1071 877 1265 960 degentibus
1285 879 1418 960 praebet,
1436 899 1504 961 prae

450 976 573 1038 caeteris
595 978 747 1040 creaturis
768 990 952 1043 nectareum
979 980 1132 1044 conficiat
1156 978 1312 1054 edulium,
1334 990 1367 1042 et
1390 981 1504 1042 mulsae

451 1078 629 1143 dulcedinis
658 1081 842 1145 alimoniam
873 1084 1058 1147 flavescenti
1087 1102 1241 1146 caerarum
1266 1083 1431 1162 gurgustio
1457 1102 1505 1142 re·

450 1180 579 1257 condat,
595 1205 667 1266 quae
683 1205 749 1245 nou
765 1183 861 1246 modo
883 1194 1002 1247 cuncta
1022 1184 1208 1246 deliciarum
1233 1183 1352 1245 fercula
1366 1193 1399 1244 ct
1412 1182 1504 1265 pipe·
1602 1231 1609 1238 .

450 1293 535 1348 ratas
557 1285 794 1365 pulmentorum
815 1285 941 1366 saginas
963 1286 1136 1368 praecellat,
1156 1303 1315 1366 omneque
1337 1281 1506 1364 fragrantis

451 1384 618 1447 ambrosiae
640 1384 826 1467 thymiama,
848 1405 885 1448 ac
906 1385 998 1448 nardi
1024 1385 1176 1468 spirantis
1198 1384 1349 1447 olfactum
1373 1385 1503 1446 vincat:

450 1484 570 1546 Verum
607 1485 713 1560 etiam,
744 1495 780 1547 ut
808 1485 926 1548 omissa
963 1485 1162 1568 specialitate
1192 1483 1233 1548 ad
1263 1483 1504 1565 generalitatem

453 1583 613 1647 Sermonis
635 1587 736 1648 oratio
758 1585 915 1664 decurrat,
939 1588 1114 1650 unirersam
1141 1584 1313 1649 mundanae
1338 1583 1506 1647 suavitatis

452 1683 668 1764 dulcedinem,
682 1688 890 1772 opulentique
912 1688 1010 1751 luxus
1025 1688 1188 1772 exquisita
1210 1698 1340 1770 superet
1360 1689 1506 1750 oblecta-

452 1798 560 1850 menta
574 1799 606 1850 et
620 1789 769 1852 haustum
786 1789 901 1852 defruti
917 1789 1083 1874 despiciat.

495 1890 572 1952 Vll.
595 1890 699 1974 Igitur
713 1891 740 1954 si
755 1901 875 1955 sanctae
892 1892 1091 1974 virginitatis
1106 1893 1207 1974 gloria
1220 1892 1384 1974 Angelicae
1403 1891 1505 1953 beati·

451 1992 571 2056 tudinis
594 2013 745 2074 germana
768 1991 915 2061 creditur.
938 2004 971 2055 et
994 1993 1129 2076 pulchra
1151 2014 1362 2077 supernorum
1385 1993 1506 2055 civium

452 2096 604 2159 sodalitas
627 2097 739 2158 merito
763 2092 927 2178 pudicitiae
952 2093 1164 2176 praedicatum
1190 2094 1310 2157 debitis
1329 2092 1508 2156 attollenda

452 2205 501 2258 est
520 2195 703 2278 praeconiis,
723 2195 803 2266 Qua
825 2194 907 2257 iuter
927 2204 1058 2257 caeteras
1079 2195 1229 2258 virtutum
1250 2194 1372 2256 insulas
1387 2193 1508 2256 summi

452 2297 650 2381 principatus
679 2308 805 2379 sceptra
830 2309 862 2358 et
889 2296 1045 2376 regnandi
1075 2295 1297 2359 Monarchiam
1327 2296 1506 2377 gnbernare

453 2401 638 2464 dinoscitur.
683 2399 849 2481 Siquidem
871 2410 907 2461 ut
924 2399 1074 2462 humanis
1096 2399 1245 2462 faucibus
1267 2408 1302 2461 et
1321 2397 1503 2460 mortalium

452 2504 561 2586 palato
591 2523 685 2564 omne
708 2500 866 2584 quicquid
886 2499 1070 2585 jucundum
1096 2523 1134 2565 ac
1162 2500 1351 2564 delectabile
1378 2501 1506 2563 illatum

453 2604 586 2668 sentitur
607 2603 735 2666 mellitae
757 2601 939 2666 dulcedinis
960 2613 1087 2684 gustum
1108 2602 1282 2666 admodum
1302 2604 1505 2687 incompara-

450 2705 559 2768 biliter
583 2704 755 2788 praecellit:
790 2704 841 2767 lta
865 2702 976 2767 divina
1002 2703 1158 2788 Majestas
1180 2703 1280 2788 (quod
1300 2716 1405 2767 tamen
1428 2724 1506 2766 cum

453 2827 544 2890 paee,
559 2819 591 2869 et
606 2803 781 2867 reverentia
798 2803 987 2866 Sanctorum
1010 2805 1126 2886 loquar
1143 2804 1307 2887 qnondam
1323 2802 1507 2886 jugalitatis

452 2907 592 2970 nexibus
607 2904 840 2989 faederatorum)
859 2904 1009 2966 omnibus
1024 2905 1221 2985 generalium
1235 2906 1385 2967 virtutum
1398 2904 1506 2986 gradi·

452 3009 524 3084 bus,
545 3027 617 3090 quae
637 3006 670 3067 in
690 3004 836 3084 catalogo
860 3004 1088 3068 charismatum
1110 3015 1343 3079 enumerantur,
1363 3003 1507 3086 speciale

453 3105 656 3188 virginitatis
671 3102 871 3187 privilegium
885 3105 1070 3188 praeposuit.
1102 3104 1205 3189 Cujus
1219 3105 1266 3169 rei
1279 3104 1357 3168 satis
1370 3103 1508 3167 evidens

452 3207 611 3272 indicium
636 3217 770 3281 constat,
793 3205 869 3269 dum
892 3228 911 3268 a
933 3227 1057 3269 summo
1081 3208 1235 3270 coelorum
1257 3206 1385 3288 fastigio
1408 3226 1506 3270 vene-

452 3309 553 3374 randa
568 3308 631 3370 Dei
646 3308 752 3389 proles
772 3305 984 3385 descendens,
999 3328 1092 3369 ovem
1110 3329 1274 3373 erraneam
1291 3308 1507 3391 redemptura,

453 3423 485 3474 et
511 3409 695 3473 drachmam
722 3407 878 3491 perditam
905 3408 1088 3491 quaesitura,
1110 3410 1217 3471 alvum
1243 3408 1505 3473 incontaminatae

452 3510 598 3593 virginali
608 3507 937 3593 puerperiopraeditae‚
945 3510 1015 3571 sine
1026 3509 1172 3591 periculo
1182 3521 1345 3595 perpetuae
1356 3510 1509 3594 puritatis

453 3626 486 3679 et
501 3612 671 3697 dispendio
688 3611 842 3675 castitatis
861 3610 1000 3674 intraret.
1045 3612 1096 3674 Ob
1116 3612 1180 3674 hoc
1202 3613 1299 3675 etiam
1320 3632 1402 3689 reor,
1417 3614 1510 3696 quod

454 3738 545 3781 sacer
574 3714 740 3779 Dominici
770 3712 909 3796 pectoris
937 3714 1116 3791 accubitor,
1143 3725 1177 3777 et
1206 3724 1335 3798 quartus
1365 3713 1510 3799 paradisi

453 3838 579 3899 gurges,
605 3818 661 3901 qui
690 3815 892 3898 potissimum
921 3827 1071 3897 septenas
1100 3816 1266 3880 Ecelesias
1295 3816 1380 3879 Asiae
1410 3816 1509 3881 inex·

453 3918 577 3982 haustis
602 3916 787 3998 dogmatum
816 3916 973 3980 imbribus
998 3917 1152 3999 irrigavit,
1175 3919 1350 4002 specialem
1375 3918 1508 3983 Divinae

454 4019 637 4085 dilectionis
663 4018 902 4102 praerogativam
928 4040 966 4081 ac
996 4021 1149 4103 privatam
1173 4022 1291 4084 amoris
1315 4020 1509 4084 munificen-

453 4122 532 4185 tiam
562 4131 637 4183 ante
673 4130 789 4183 caetera
820 4122 1050 4203 Apostolorum
1086 4124 1250 4208 praeconia
1285 4125 1508 4208 promeruerit.

454 4223 538 4295 Qttia
549 4222 689 4300 Christo,
701 4222 757 4306 qui
771 4231 819 4285 est
833 4222 971 4305 cupidus
982 4226 1138 4289 eastitatis
1152 4236 1274 4290 amator
1287 4236 1320 4290 et
1334 4228 1508 4309 zelotypus

454 4323 674 4389 sanctimoniae
694 4323 889 4401 informator,
910 4333 1000 4405 grata
1019 4328 1221 4409 Virginitatis
1240 4329 1395 4391 libamina
1414 4328 1506 4391 obla·

455 4437 554 4503 turus,
583 4434 759 4507 spontanea
788 4424 959 4489 devotione
989 4426 1104 4493 litarat.
1157 4430 1375 4502 Quamobrem
1404 4448 1506 4492 verax

453 4528 599 4613 medicus
625 4524 701 4589 dum
727 4528 859 4591 vulnera
883 4527 1060 4592 facinorum
1084 4542 1117 4594 et
1142 4530 1308 4595 cicatrices
1333 4530 1503 4594 criminum
