3759 5425
477 717 521 778 28
839 731 864 775 s.
880 729 1057 775 annuatur
1072 727 1173 774 mnan

480 884 624 948 versione
633 882 814 967 perenniter
823 883 998 961 mulctavit,
1008 894 1042 946 et
1056 880 1329 946 Romamfallacis
1339 881 1529 946 idololatriae

478 985 644 1048 cultricem
674 1002 694 1046 a
722 983 861 1060 funesto,
883 982 1084 1046 victimarum
1110 982 1173 1045 ritu
1196 981 1402 1063 Evangelicis
1428 1001 1530 1044 asser·

479 1084 620 1148 tionibus
643 1093 676 1146 et
700 1083 806 1166 segnis
835 1083 951 1165 pariter
976 1081 1221 1145 coruscantibus
1246 1081 1395 1144 correxit.
1440 1081 1530 1145 lllud

479 1186 574 1249 etiarn
600 1206 667 1248 uon
691 1182 903 1248 omittendum
926 1204 1007 1259 reor,
1028 1183 1063 1247 in
1090 1203 1155 1266 quo
1178 1183 1377 1266 precipuum
1400 1205 1529 1248 conser-

480 1297 561 1351 ratae
591 1285 747 1350 castitatis
776 1284 1005 1348 documentum
1042 1284 1232 1362 declaratur,
1261 1285 1409 1350 videlicet
1437 1289 1529 1371 quod

480 1389 685 1472 Imperatoris
710 1385 915 1451 Constantini
940 1383 1092 1448 diuturna
1112 1385 1264 1450 valetudo
1293 1399 1326 1449 et
1347 1389 1528 1471 elephanti·

479 1511 559 1554 nosa
583 1489 725 1572 corporis
750 1486 1005 1565 incommoditas,
1027 1499 1162 1571 accepto
1185 1487 1394 1572 Baptismatis
1422 1511 1527 1554 sacra·

479 1602 588 1656 mento
611 1593 719 1655 statim
740 1589 917 1654 abeodem
940 1591 1107 1655 salubriter
1126 1591 1215 1654 dicto
1238 1591 1333 1655 citius
1356 1603 1528 1671 curaretur,

478 1707 512 1758 et
525 1707 589 1758 tam
604 1694 760 1758 interioris
775 1692 914 1756 hominis
933 1708 1043 1774 gestus
1062 1715 1160 1778 quam
1178 1694 1345 1757 exterioris
1359 1705 1456 1758 aeams
1470 1716 1530 1778 per

479 1798 611 1861 coeleste
628 1796 823 1879 cataplasma
842 1793 967 1878 duplici
982 1794 1196 1859 medicamine
1213 1796 1282 1859 sine
1297 1796 1448 1861 tricamm
1469 1797 1527 1860 ob·

479 1899 604 1963 staculo
618 1907 790 1961 sanaretur.
836 1895 995 1960 Praeterea
1014 1895 1187 1960 absurdum
1202 1897 1269 1960 sore
1287 1898 1483 1981 suspicabar,
1498 1898 1528 1960 ei

478 1999 722 2064 celeberrimum
737 1995 816 2060 illud
837 1997 1016 2080 spectaculi
1036 2019 1138 2080 genus
1158 2018 1216 2083 per
1228 2010 1313 2062 totos
1327 2000 1439 2063 mundi
1458 2021 1528 2064 car·

479 2099 570 2164 dines
587 2099 750 2180 vulgatum
773 2096 996 2159 taciturnitatis
1013 2097 1140 2160 silentio
1163 2098 1342 2181 oppilatum
1363 2100 1530 2165 vilesceret

479 2209 513 2264 et
533 2199 685 2263 anostria
703 2200 864 2261 literarum
881 2197 1028 2281 apicibus
1047 2198 1205 2263 intactum
1228 2198 1448 2265 delitesceret:
1487 2204 1527 2265 In

479 2323 546 2387 quo
575 2297 800 2382 triumphantis
824 2297 946 2361 Christi
969 2299 1103 2363 victoria
1132 2314 1165 2364 et
1193 2300 1347 2383 Sylveetri
1377 2304 1529 2366 certantis

479 2405 669 2471 castimonia
697 2402 831 2484 geminae
853 2400 961 2464 laudis
989 2405 1151 2486 preconio
1173 2407 1390 2470 crebrescunt.
1442 2409 1526 2470 Nam

478 2506 692 2573 Constantino
722 2506 832 2568 orbem
855 2506 1061 2584 gubernante,
1087 2506 1127 2570 ad
1155 2506 1317 2594 Synodale
1343 2508 1528 2573 Concilium

477 2609 608 2696 populis
623 2605 806 2672 catervatim
822 2606 1058 2669 confluentibus
1072 2606 1240 2672 duodenos
1247 2609 1269 2672 J
1270 2607 1434 2674 udaeorum
1446 2632 1527 2695 prae·

478 2724 625 2798 ceptores
640 2721 673 2776 et
686 2708 921 2774 Pharisaeorum
936 2708 1094 2773 Rabbites
1109 2709 1177 2774 dira
1192 2709 1444 2795 disputationum
1460 2716 1526 2797 spi·

478 2818 552 2879 cuia
580 2826 691 2878 contra
721 2810 840 2875 Christi
871 2821 1015 2894 tyronem
1043 2812 1174 2875 tmciter
1203 2822 1385 2896 torquentes
1415 2814 1526 2879 divino

478 2915 621 2980 confisus
636 2914 750 2996 clypeo
773 2912 924 2975 confutat
970 2909 1063 2975 Idem
1083 2934 1212 2996 quoque
1226 2914 1348 2978 Praesul
1366 2917 1526 2979 somnium

478 3013 687 3081 Constantini
711 3032 814 3074 rerum
842 3012 1010 3077 latentium
1033 3016 1192 3096 praesagia
1216 3015 1421 3100 portendens,
1444 3018 1527 3081 mira

478 3118 650 3201 sagacitate
680 3113 854 3198 prudenter
882 3116 1042 3198 patefecit.
1097 3117 1263 3201 Siquidem
1289 3120 1465 3203 imperator
1491 3121 1528 3183 in

478 3223 606 3289 civitate
632 3240 704 3302 quae
725 3218 921 3301 Byzantium
947 3220 1133 3298 vocabatur,
1154 3242 1227 3284 curn
1251 3224 1394 3286 membra
1417 3223 1527 3306 sopori

477 3326 621 3392 dedisset
639 3332 672 3385 et
686 3320 829 3383 debitum
848 3332 970 3384 nature
984 3323 1130 3400 solveret,
1145 3324 1293 3405 apparuit
1311 3326 1341 3386 ei
1354 3325 1387 3387 in
1403 3325 1527 3388 visione

477 3436 635 3492 nocturna
663 3420 812 3506 quaedam
839 3422 969 3486 anicula
1005 3424 1084 3486 satis
1113 3422 1285 3506 decrepita,
1314 3425 1410 3488 etiam
1439 3447 1525 3509 pene

476 3540 612 3606 mortua,
635 3546 731 3610 quam
753 3524 931 3607 imperante
961 3525 1123 3608 Sylvestro
1146 3526 1299 3589 suscitare
1323 3526 1446 3590 orando
1471 3527 1525 3611 ju·

476 3637 579 3700 betur.
624 3631 741 3695 Oronte
757 3638 863 3691 autem
880 3628 1092 3693 Constantino
1111 3630 1167 3693 illa
1184 3630 1312 3693 anicula
1331 3632 1478 3707 surrexit,
1492 3640 1527 3694 et

476 3739 560 3803 facta
580 3745 630 3801 eet
646 3734 821 3818 juvencula
841 3732 1059 3815 pulcherrima
1072 3733 1160 3795 velut
1181 3732 1362 3796 rubicundo
1383 3743 1526 3795 venustae

476 3839 654 3924 pubertatis
668 3836 745 3897 flore
760 3835 951 3917 pubescens,
967 3856 1039 3919 quae
1059 3855 1133 3897 cum
1148 3844 1238 3897 casta
1251 3833 1524 3917 contemplatione

475 3940 638 4022 regalibus
647 3937 824 4021 placuisset
832 3937 1009 4013 obtutibus,
1015 3936 1123 4000 induit
1133 3958 1204 4000 eam
1216 3935 1408 4000 chlamidem
1421 3957 1526 4014 suam,

476 4050 510 4106 et
533 4040 684 4104 diadema
707 4058 783 4103 auro
813 4039 935 4120 obryzo
961 4038 1159 4121 gemmisque
1184 4038 1353 4122 purpureis
1376 4048 1524 4100 ornatum

475 4141 583 4227 posuit
597 4160 692 4222 super
706 4149 804 4223 caput
820 4138 898 4223 ejus.
935 4139 1065 4202 Helena
1079 4148 1185 4203 autem
1194 4149 1296 4201 mater
1309 4139 1380 4223 ejus
1395 4138 1526 4203 dicebat

476 4246 526 4308 ei:
566 4244 649 4307 Haec
673 4254 729 4304 tua
750 4240 807 4303 en't
829 4250 860 4302 et
885 4261 952 4303 nou
974 4239 1135 4317 morietur,
1161 4238 1222 4302 nisi
1246 4240 1280 4302 in
1304 4240 1369 4303 fine
1391 4241 1501 4303 mundi
1514 4264 1525 4318 ;

475 4347 577 4427 Igitur
591 4344 835 4428 expergefactus
847 4344 1024 4427 Imperator
1038 4343 1213 4406 futurarum
1224 4345 1405 4425 ignorantia
1418 4366 1524 4409 rerum

476 4448 591 4513 acriter
604 4456 731 4524 artatur,
747 4445 849 4509 donec
870 4466 928 4530 per
950 4446 1101 4529 simplam
1115 4444 1330 4510 hebdomadis
1344 4448 1523 4531 intercape-

474 4550 582 4615 dinem
598 4568 730 4631 corpore
753 4547 943 4629 frugalitatis
959 4547 1154 4632 parsimonia
1172 4548 1344 4612 macilento
1360 4568 1467 4611 rursus
1486 4550 1521 4611 in
