3759 5425
459 706 520 765 2⁴4
739 719 895 766 surannae
911 721 955 765 an
969 719 1148 781 acracrorr,
1164 719 1236 765 arc.

460 872 623 937 scanditur
637 874 694 936 ita:
718 882 751 937 et
765 874 846 936 tuni.
858 894 905 935 cac
921 874 1016 936 mani.
1028 894 1085 938 cas
1095 874 1214 937 ethah.
1225 884 1280 937 ent
1290 870 1369 933 redi.
1381 868 1513 933 micula

460 976 570 1039 mitroe.
603 974 693 1037 Idem
709 974 792 1038 libro
808 974 868 1037 XI.

600 1078 710 1132 Fecerat
722 1086 749 1133 et
759 1080 832 1133 tenui
845 1078 912 1133 telas
923 1080 1081 1134 discreverat
1091 1099 1162 1134 auro.

459 1178 504 1242 Et
518 1178 599 1241 libro
614 1176 789 1241 Judicum:

599 1284 770 1355 Septuaginta
781 1284 851 1356 priua
864 1288 994 1336 truncarat
1005 1301 1111 1356 corpora
1121 1302 1222 1353 regum.

460 1382 505 1445 Et
519 1382 669 1446 Lucanus
682 1380 764 1443 libro
780 1380 893 1443 tertio:

599 1485 702 1539 Primus
715 1484 842 1539 Caesareis
854 1484 941 1557 pelagi
953 1487 1032 1540 decus
1043 1487 1146 1540 addidit
1155 1488 1245 1540 armis.

501 1586 546 1648 Ι).
585 1584 665 1657 Quis
695 1593 743 1647 est
773 1603 881 1646 versus
909 1584 1222 1667 hypercatalecticus
1251 1582 1437 1648 hexameter
1452 1582 1509 1645 l—

457 1688 504 1752 M.
527 1686 594 1751 Ubi
610 1698 696 1749 certo
711 1704 843 1748 numero
858 1706 917 1747 sex
932 1684 1052 1768 pedum
1069 1707 1134 1749 una
1148 1686 1273 1769 syllaba
1287 1684 1495 1749 subnectitur.

500 1790 543 1852 D.
565 1786 675 1851 Profer
689 1806 815 1850 versum
829 1786 892 1849 hoc
908 1787 1005 1851 modo
1020 1787 1338 1871 compositum-M.

596 1894 676 1947 Alma
687 1894 780 1949 Vanus
793 1894 903 1967 Paphon
914 1895 1068 1962 ingreditur,
1080 1912 1139 1947 rosa
1150 1893 1237 1948 luceat
1247 1910 1283 1947 ex
1294 1892 1390 1961 adytis

456 2006 489 2059 ct
502 1992 596 2057 alibi:

596 2098 729 2171 Rumpere
741 2098 853 2152 claustra
864 2117 943 2151 manu
953 2100 1037 2152 socios
1048 2098 1143 2167 gelidis
1155 2098 1218 2150 dare
1229 2097 1264 2149 de
1274 2094 1393 2168 scopulis

456 2199 558 2263 Simul
573 2209 606 2261 et
622 2198 655 2260 in
676 2206 873 2282 pentametro
893 2194 1052 2281 dactylico
1071 2194 1383 2281 hypercatalecticus
1397 2214 1506 2257 versus

455 2300 639 2376 admittitur,
654 2309 708 2361 nt:

594 2404 619 2457 Ο
633 2403 706 2457 Deus
718 2403 891 2476 Omnipotens
902 2403 999 2472 largire
1009 2406 1079 2457 riam
1090 2403 1217 2475 precihus.

362 2534 365 2539 ·
453 2516 486 2571 et
500 2505 596 2570 alibi:

595 2610 689 2665 Pulcra
700 2608 786 2684 puella
798 2626 885 2663 comas
897 2609 981 2663 amhit
992 2608 1041 2661 sihi
1053 2606 1211 2679 palmitibus.

497 2712 539 2774 D.
569 2711 657 2782 Quot
678 2721 753 2772 sunt
774 2708 900 2792 species
925 2707 960 2770 in
987 2727 1110 2770 coesura
1134 2705 1311 2771 hexametri
1338 2729 1505 2771 vorsus.-

453 2814 500 2876 M.
524 2812 677 2884 Quatuor.
1093 2873 1099 2889 ,

496 2915 537 2976 Ι).
560 2911 671 2976 Pande
687 2913 876 2976 nominatim
891 2911 1066 2976 eamndem
1081 2910 1242 2975 vocabula
1256 2929 1503 2974 curararum.-

452 3016 500 3078 M.
524 3013 708 3093 Districtns,
722 3014 854 3092 divisus,
868 3014 1002 3090 mixtus,
1016 3011 1193 3097 Priapeius.

496 3115 538 3179 D.
572 3115 653 3186 Quis
676 3123 725 3178 est
745 3136 856 3180 remus
878 3115 1043 3179 districtus
1055 3113 1161 3178 l-M.
1193 3113 1258 3186 Qui
1279 3115 1313 3177 in
1336 3112 1504 3176 scansione

450 3215 570 3302 pedum
585 3236 749 3300 nunquam
765 3217 943 3281 orationem
959 3214 1184 3280 accommodat
1198 3215 1365 3297 integram.

495 3319 540 3384 D.
563 3317 682 3381 Melius
698 3317 858 3401 exemplis
872 3339 969 3402 quam
989 3317 1078 3382 nuda
1092 3316 1282 3380 verbositate
1296 3315 1503 3378 informor.-

452 3423 499 3486 M.
523 3421 651 3486 Proebet
664 3421 778 3483 Arutor
793 3419 980 3502 exemplum
993 3443 1001 3482 ε

593 3523 764 3594 Mortalisqua
775 3524 825 3579 sihi
836 3523 952 3578 studium
962 3530 1089 3597 proponat
1100 3525 1181 3594 origo.

453 3621 626 3688 Scanditur
642 3622 697 3699 ita,
719 3621 835 3686 Morta.
850 3621 958 3704 lisque
979 3621 1015 3683 si.
1032 3621 1066 3685 bi
1087 3622 1181 3687 studi.
1198 3643 1253 3685 um
1273 3643 1342 3706 pro.
1358 3634 1458 3705 ponat
1472 3644 1503 3686 o.

451 3726 528 3808 rigo.
574 3724 664 3788 Ecce
685 3723 777 3787 nulla
797 3723 896 3786 oratio
916 3723 1043 3808 integra
1061 3724 1095 3786 in
1117 3723 1262 3808 quolibet
1283 3721 1366 3806 pede
1380 3738 1505 3807 reperta

451 3838 508 3890 est.
555 3824 646 3888 ldem
661 3825 759 3888 alibi:

593 3931 696 3999 Largiri
707 3928 832 3983 ademtis
844 3947 920 4002 opem
932 3947 1107 4001 numerusque
1118 3932 1226 3984 diarum.

451 4033 533 4097 Item
549 4029 685 4114 Prosper
698 4028 731 4090 in
748 4028 1059 4111 Epigrammatibus:

592 4133 711 4190 Fallaces
721 4150 823 4206 semper
834 4134 900 4187 curis
912 4139 1062 4202 torquentur
1074 4137 1176 4188 amaria

451 4235 605 4316 Virgilius
617 4255 624 4295 :

591 4338 740 4406 latendum,
751 4341 852 4408 regina,
860 4340 939 4414 jubes
951 4358 1074 4395 renovare
1087 4341 1209 4396 dolorem.

451 4436 638 4522 Symposius
653 4447 749 4519 poeta
763 4435 939 4502 districtum
956 4459 1079 4503 versum
1094 4441 1228 4524 protulit
1241 4441 1369 4507 dicans:

592 4540 683 4594 Dulcia
695 4541 756 4594 odor
768 4545 888 4608 nemoris,
900 4543 1006 4597 flamma
1017 4542 1139 4615 fumoque
1149 4545 1254 4614 nugor.

1645 927 1652 1080 i

1649 1111 1655 1188 t

1651 1227 1657 1318 i

1649 1415 1657 1552 ³.
