3759 5425
651 702 805 748 urrerem
821 704 864 749 so
878 703 1055 767 rcrucrusr,
1070 707 1141 753 src.
1352 692 1416 750 269

458 850 523 915 Sed
538 854 664 933 gracilis
678 856 816 938 grandes
832 859 919 922 soleo
935 872 1134 944 prosternere
1150 860 1253 923 letho:

457 952 554 1026 Quod
567 955 688 1020 lethum
702 959 823 1043 proprii
836 970 966 1043 gestant
980 960 1156 1045 penetralia
1169 962 1296 1024 ventris.

457 1056 541 1120 Nam
558 1058 658 1122 saltus
672 1080 837 1125 nemorum
853 1059 973 1125 densos
987 1063 1166 1147 pariterque
1181 1063 1327 1141 frutecta,

454 1156 676 1241 Piniferosque
691 1160 786 1223 simul
800 1173 926 1226 montes
941 1184 1016 1226 curu
1030 1164 1170 1226 molibus
1184 1164 1277 1239 altos,

455 1256 624 1339 Truxque,
639 1278 817 1342 rapaxque,
829 1261 996 1344 feroxque,
1009 1264 1070 1327 sub
1086 1262 1203 1326 aethere
1219 1282 1347 1345 spargo.

454 1359 501 1422 Et
513 1360 619 1422 minor
632 1360 776 1425 existens
788 1364 898 1443 gracili
914 1385 1011 1449 quam
1026 1386 1159 1448 corpore
1174 1365 1351 1449 sciniphs,

453 1459 582 1543 Frigida
596 1460 672 1525 dum
687 1464 826 1543 genitrix
842 1463 922 1529 dure
936 1478 1102 1548 generaret
1115 1468 1157 1530 ab
1174 1467 1244 1529 alvo

454 1562 606 1627 Primitus
621 1584 662 1627 ex
678 1576 768 1628 utero
782 1566 967 1649 producens
980 1569 1118 1651 pignora
1131 1568 1244 1651 gentis.

671 1684 813 1731 aureus
830 1686 1118 1735 nouucsscrcnou.

761 1767 813 1831 De
830 1768 1007 1833 crabrone.

456 1870 541 1935 Aera
554 1892 611 1955 per
624 1871 742 1935 sudum
755 1893 844 1936 nunc
858 1872 945 1937 binis
958 1874 1077 1956 remigo
1091 1876 1207 1959 pennis

456 1971 627 2051 Horridus,
641 1983 674 2037 ct
688 1993 806 2054 grossae
822 1972 976 2057 depromo
990 1996 1153 2040 murmura
1165 1978 1266 2052 vocis,

454 2074 560 2156 Inque
574 2094 655 2138 caro
670 2072 781 2137 densis
795 2096 964 2139 conversor
978 2077 1086 2161 stipite
1099 2077 1222 2142 turmis.

453 2174 573 2239 Dulcia
587 2175 763 2240 conficiens
777 2177 915 2260 propriis
930 2178 1083 2242 alimenta
1096 2179 1244 2244 catervis.

341 2292 342 2295 ’
454 2276 500 2338 Et
512 2284 621 2340 tamen
635 2278 786 2341 humanis
801 2278 931 2341 horrent
945 2279 1015 2341 haec
1031 2281 1152 2363 pabula
1164 2280 1288 2343 buccis.

454 2376 519 2441 sed
534 2378 721 2463 quicunque
736 2379 837 2463 cupit,
851 2378 1052 2463 disrumpens
1065 2378 1185 2443 foedera
1198 2380 1289 2463 pacis

453 2476 553 2541 Dirus
568 2480 800 2543 commaculare
815 2477 946 2542 domurn
960 2480 1021 2542 sub
1037 2478 1176 2545 culmine
1191 2499 1324 2563 querno,

453 2578 616 2665 Exemplo
631 2580 736 2644 socias
750 2580 785 2643 in
799 2581 921 2644 bellum
935 2581 1041 2644 clamo
1057 2581 1221 2657 cohortes3

453 2680 606 2768 Dumque
621 2682 803 2747 catervatim
819 2681 967 2762 stridunt,
982 2691 1015 2746 et
1029 2683 1155 2768 spicula
1168 2681 1309 2760 trudunt,

453 2784 593 2866 Agmina
608 2785 781 2866 diffugiunt
790 2783 911 2867 jaculis
925 2785 1076 2849 exterrita
1090 2783 1178 2848 diris.

453 2886 603 2950 Insoutes
616 2886 701 2950 hosti
718 2887 764 2950 sic
780 2895 931 2970 torquent
945 2887 1012 2950 tela
1025 2889 1156 2950 nocenti

452 2986 604 3066 Plurima,
620 3008 691 3071 quae
706 2997 856 3050 constant
870 2987 960 3051 tetris
974 2987 1095 3051 infecta
1108 2988 1248 3052 venenis.

623 3106 764 3151 aureus
779 3105 1153 3152 rurscarnscssmcrrou.

725 3189 777 3252 De
792 3189 907 3272 Scylla
920 3193 1063 3254 mariue.

453 3290 542 3356 Ecce
556 3291 773 3356 Molossorum
787 3311 905 3356 nomeu
919 3292 999 3357 mihi
1014 3293 1078 3356 fata
1092 3292 1258 3357 dederunt

452 3392 612 3473 Argolicae
627 3393 732 3475 gentis
747 3391 794 3456 sic
808 3394 927 3477 promit
940 3394 1051 3476 lingue
1065 3394 1214 3477 loquelis,

450 3493 506 3557 Ex
522 3514 587 3578 quo
602 3516 653 3558 me
668 3493 745 3559 ‹iirae
760 3495 914 3558 fallebant
928 3496 1070 3557 carmina
1084 3493 1211 3570 Circes,

452 3596 534 3667 Quae
547 3595 644 3660 fontis
658 3594 782 3680 liquide
795 3596 981 3659 maculabat
994 3594 1129 3659 flumina
1143 3594 1260 3668 verbis,

453 3693 617 3782 cruraque
633 3718 708 3761 cum
722 3697 825 3775 coxis,
838 3697 955 3782 pulpas
971 3717 1045 3759 cum
1060 3696 1182 3780 poplite
1197 3696 1275 3759 bino

452 3798 605 3876 Abstulit,
619 3799 805 3863 immiscens
820 3796 960 3862 crudelis
974 3798 1071 3860 verba
1084 3797 1201 3879 virago.

452 3897 591 3980 Pignore
602 3920 690 3964 nuuc
705 3897 814 3985 paridi
828 3898 966 3962 referunt
979 3896 1138 3962 ululantia
1152 3908 1269 3976 nautae,

450 3998 568 4063 Tonsis
583 3999 659 4064 dum
675 3999 808 4064 trudunt
821 4000 951 4076 classes,
966 4011 999 4062 et
1013 3999 1132 4062 caerula
1146 3996 1274 4062 findunt

450 4102 567 4165 Vastus
580 4111 741 4166 verrentes
755 4102 873 4164 fluctus
888 4109 1053 4181 grassame
1068 4099 1217 4182 procella.

449 4201 597 4266 Palmule
612 4224 685 4285 quae
701 4203 797 4266 remis
811 4201 967 4265 succurrit
981 4201 1089 4283 panda
1103 4221 1162 4284 per
1176 4199 1296 4264 undas:

450 4304 639 4368 Auscultate
654 4306 767 4389 procul
783 4326 854 4389 quae
869 4305 985 4368 latrant
997 4302 1131 4386 inguina
1145 4302 1277 4366 circum.

450 4405 502 4471 Sic
520 4427 571 4471 me
587 4407 726 4491 pellexit
742 4405 864 4470 dudum
880 4403 1011 4469 Titania
1024 4405 1143 4487 proles,

453 4509 497 4572 Ut
512 4508 624 4574 merito
639 4507 742 4573 vivam
758 4509 851 4573 salsis
865 4509 899 4572 iu
915 4507 1068 4571 fluctibus
1083 4507 1169 4569 exul.
