3759 5425
476 690 539 749 258

760 704 915 751 ners'rorl
933 708 977 751 AD
992 706 1169 768 AOIRCIUM,
1185 707 1257 755 ETG.

565 858 649 929 Quin
667 860 770 940 magis
785 858 945 923 astriferas
960 882 1021 942 ego
1035 871 1131 925 nocte
1146 860 1262 924 fovebo
1275 860 1425 924 latebras.

563 960 751 1025 Baucisono
768 962 909 1025 medium
926 963 1081 1047 crepitare
1095 984 1152 1048 per
1165 985 1240 1028 aera
1254 971 1372 1039 suetus,

563 1062 730 1127 Romuleis
745 1065 867 1128 scribor
880 1066 1000 1149 byblis,
1014 1064 1072 1129 sed
1086 1087 1164 1129 voce
1180 1066 1328 1146 Pelasga,

562 1164 701 1229 Nomine
717 1178 891 1231 nocturnas
907 1167 984 1231 dum
1000 1188 1127 1251 semper
1141 1189 1233 1232 servo
1248 1166 1402 1231 tenebras.

860 1272 891 1331 6.
916 1267 968 1330 De
984 1266 1137 1349 Oinypke.

561 1364 705 1451 Corpore
721 1389 793 1431 sum
808 1368 930 1450 gracili,
944 1368 1081 1433 stimulis
1095 1379 1235 1432 armatus
1250 1366 1381 1431 acerbis.

560 1466 689 1532 Scaudo
705 1470 889 1534 catervatim
905 1470 1042 1533 volitans
1057 1490 1154 1553 super
1166 1469 1267 1532 ardua
1280 1467 1407 1550 pennis,

560 1568 759 1653 Sanguineas
774 1592 903 1636 sumens
918 1570 1046 1655 praedas
1060 1591 1213 1636 mucrone
1228 1580 1372 1645 cruento,

559 1670 766 1757 Quadrupedi
782 1694 917 1757 parcens
931 1674 1024 1752 nulli,
1039 1674 1097 1737 sed
1111 1674 1238 1758 spicula
1251 1671 1345 1735 trudo

558 1772 718 1855 Seligerae
732 1774 891 1859 pecudum
908 1778 1076 1839 stimulans
1091 1796 1150 1859 per
1164 1775 1295 1836 vulnere
1309 1772 1436 1856 pulpas.

558 1874 643 1938 Olim
660 1875 801 1940 fumosus
817 1898 937 1941 vexans
953 1876 1167 1961 Memphitica
1180 1895 1262 1939 rura.

560 1977 710 2061 Namque
726 1985 811 2040 toros
827 1985 999 2059 penetrans
1013 1987 1173 2039 taurorum
1189 1973 1345 2057 sauguine
1360 1993 1478 2037 vescor.

891 2084 921 2141 7.
946 2073 1107 2152 Defmte.

558 2179 598 2242 In
614 2179 695 2243 saltu
709 2196 825 2242 nascor
838 2198 965 2242 ramosa
979 2177 1092 2239 fronde
1105 2178 1284 2242 virescens:

559 2278 624 2343 Sed
640 2281 764 2343 Natura
779 2300 888 2343 meum
902 2287 1079 2342 mutaverat
1092 2275 1204 2341 ordine
1218 2277 1331 2358 fatum,

557 2381 645 2443 Dum
662 2380 744 2443 veho
758 2399 817 2463 per
831 2378 939 2441 colum
955 2386 1085 2441 teretem
1102 2376 1255 2459 vertigine
1270 2378 1401 2443 molem:

557 2482 613 2544 Ex
629 2502 694 2566 quo
710 2480 879 2546 conficitur
892 2478 1010 2559 regulis
1025 2479 1166 2560 stragula
1178 2479 1278 2562 pepli.

556 2582 638 2647 Tam
653 2583 752 2664 longa
765 2580 874 2644 nullus
889 2600 973 2643 zona
987 2578 1192 2662 praecingitur
1205 2577 1315 2643 heros:

556 2683 618 2749 Per
633 2704 684 2748 me
699 2682 764 2747 fata
779 2678 879 2748 virum
895 2678 1010 2745 dicunt
1024 2678 1197 2745 decernere
1210 2680 1338 2746 Parcas.

560 2785 587 2847 F
587 2785 693 2866 rigore
707 2783 786 2848 dura
800 2783 885 2845 viros
900 2793 1043 2845 sternent
1055 2782 1091 2844 ni
1105 2782 1186 2846 forte
1199 2783 1352 2849 resistam.

866 2887 896 2946 8.
914 2881 967 2945 De
981 2899 1124 2944 camma.

557 2985 696 3051 Credere
711 2985 784 3068 quis
801 2983 919 3068 polerit
940 2994 1100 3047 tantamm
1114 2984 1234 3048 soedera
1248 3006 1351 3050 rerum

554 3088 737 3170 Temperet,
751 3097 783 3149 et
798 3085 871 3149 satis
885 3105 1012 3148 morum
1026 3085 1183 3150 contraria
1195 3086 1281 3151 fata?

552 3188 641 3252 Ecce
657 3187 767 3265 larem,
781 3187 908 3250 laticem
924 3206 1055 3270 quoque
1070 3197 1160 3268 gesto
1174 3187 1208 3251 in
1225 3187 1347 3253 viscere
1362 3189 1487 3268 ventris,

555 3289 625 3352 Nec
641 3297 749 3352 tamen
765 3285 923 3352 undantes
936 3287 1072 3351 vincunt
1085 3287 1237 3353 incendia
1250 3291 1402 3374 lymphae,

554 3388 691 3472 ignibus
706 3397 760 3452 aut
774 3385 865 3450 tetris
880 3386 1043 3451 siccantur
1056 3387 1188 3452 flumina
1202 3390 1317 3454 sontis:

553 3489 691 3554 Foedera
706 3486 764 3552 sed
778 3487 871 3572 pacis
885 3501 961 3552 sunt
974 3489 1120 3553 flammea
1133 3490 1218 3554 inter
1231 3502 1265 3556 et
1278 3491 1391 3558 undae.

553 3592 692 3657 Malleus
707 3590 741 3654 in
756 3589 861 3674 primo
877 3599 998 3653 memet
1010 3590 1169 3655 formabat
1182 3602 1215 3656 et
1228 3593 1330 3658 incus

738 3694 767 3754 9.
791 3689 844 3753 De
861 3688 1009 3770 Hespero
1024 3689 1091 3752 eive
1113 3690 1258 3773 Vespero,

554 3796 714 3878 Tempore
730 3792 772 3857 de
786 3792 889 3876 primo
905 3792 1011 3856 noctis
1024 3792 1105 3856 mihi
1118 3815 1238 3858 nornen
1253 3795 1397 3860 adhesit.

553 3896 717 3972 Occidues
730 3894 842 3959 mundi
857 3895 1055 3978 complector
1069 3895 1200 3961 cardine
1215 3909 1333 3982 partes,

553 3999 684 4063 Oceano
699 3997 796 4062 Titan
812 3995 891 4060 dum
906 4015 1024 4080 corpus
1037 3996 1170 4062 tinxerit
1183 3999 1315 4077 almum,

551 4105 598 4169 Et
611 4105 706 4190 polus
719 4103 753 4166 in
769 4101 890 4184 glaucis
905 4099 1108 4166 descendens
1124 4104 1261 4168 volvitur
1275 4103 1390 4170 nudis:

551 4207 637 4271 Tum
652 4226 769 4291 sequor
782 4204 815 4268 in
830 4202 938 4269 vitreis
953 4204 1156 4269 abscondens
1170 4208 1292 4272 lumina
1306 4209 1440 4293 campis,

551 4309 597 4372 Et
611 4307 789 4371 fornmatus
803 4305 911 4370 subito
927 4325 1006 4369 mox
1020 4306 1115 4369 tollor
1130 4308 1171 4371 ab
1186 4307 1298 4386 ethra,

553 4409 601 4472 Ut
613 4407 718 4472 firmes
732 4408 839 4472 lumen
855 4408 961 4472 noctis
976 4406 1151 4490 depelleret
1164 4410 1303 4474 umbras.
