3759 5425
475 684 515 743 24
834 698 859 740 s.
875 694 1051 742 acuuntur
1068 693 1171 741 urana

476 872 569 913 coma
597 850 761 927 suffundit,
784 872 848 935 quo
877 851 1056 933 plerunque
1080 850 1156 927 (heu
1185 847 1362 911 dolendum
1385 844 1523 920 dIctunr)

474 952 570 1015 ctiam
593 952 806 1035 perlectorum
830 952 993 1036 palpebre
1016 950 1152 1032 graviter
1177 960 1392 1030 grossescunt,
1413 962 1446 1010 et
1468 946 1525 1029 qui

475 1055 670 1137 putabantur
683 1052 843 1136 pudicitia
862 1053 1001 1137 praediti,
1016 1053 1095 1115 dum
1110 1074 1198 1136 saepe
1212 1051 1390 1113 humanum
1405 1047 1527 1111 fallitur

470 1153 641 1237 judicium,
671 1153 762 1237 quasi
798 1155 1077 1217 scotomaticorum
1113 1152 1239 1216 lumina
1265 1151 1356 1215 tetris
1384 1147 1527 1213 tenebris

475 1256 672 1317 obturantur.
718 1256 849 1338 Deque
871 1253 982 1318 soetida
996 1253 1188 1337 impuritatis
1203 1251 1328 1315 sentina
1347 1250 1525 1313 animarum

475 1354 650 1418 liburnicas
664 1353 839 1436 lugubriter
861 1356 1099 1436 submergente,
1113 1353 1269 1415 veraciter
1281 1352 1443 1414 immunes
1457 1350 1525 1412 sore

476 1455 669 1519 creduntur:
709 1455 773 1527 Qui
796 1456 935 1536 gloriosa
960 1476 1026 1518 non
1046 1456 1131 1519 fictae
1154 1453 1303 1539 puritatis
1323 1453 1433 1536 palma
1452 1472 1524 1535 per-

474 1559 556 1621 fecte
570 1558 746 1641 poliuntur,
761 1569 794 1620 et
808 1557 883 1621 dum
900 1572 1026 1623 caterva
1040 1568 1136 1621 castae
1152 1555 1368 1619 vexillationis
1382 1554 1526 1617 victricia

475 1658 593 1721 vexilla
608 1656 761 1720 vehentes
774 1679 832 1741 per
846 1672 954 1742 portas
969 1659 1108 1721 coelestis
1119 1658 1356 1739 Hierosolymis
1368 1656 1525 1737 gregatim

477 1759 629 1840 gradituri
658 1770 731 1821 ante
754 1760 937 1841 angelicum
968 1760 1109 1822 coelestis
1137 1758 1251 1821 theatri
1275 1778 1461 1820 consessum
1491 1767 1525 1819 et

473 1859 612 1924 terribile
626 1859 764 1921 tribunal
776 1859 798 1922 J
800 1858 903 1921 udicis
918 1860 1115 1940 singulorum
1127 1858 1212 1921 sacta
1220 1855 1310 1939 justa
1324 1856 1525 1921 discretionis

474 1963 567 2027 lance
582 1961 728 2025 librantis
737 1961 901 2043 virginalis
917 1961 1071 2045 triumphi
1081 1959 1247 2042 tropheum
1263 1970 1296 2021 et
1310 1960 1412 2023 illaesa
1426 1958 1523 2022 casti·

473 2062 548 2126 tntis
561 2063 671 2125 labara
686 2062 752 2125 Iaeti
767 2064 948 2143 gestabunt.

517 2164 649 2225 XXIII.
672 2164 839 2227 Jobannes
851 2185 940 2227 sacer
954 2174 1098 2228 materna
1110 2165 1255 2228 nondum
1269 2163 1376 2227 editus
1391 2164 1525 2227 matrice

475 2265 638 2348 Propheta
653 2266 767 2327 veteris
787 2266 989 2328 instrumenti
1005 2280 1090 2329 mete
1108 2279 1141 2329 et
1155 2268 1258 2349 prima
1275 2265 1349 2329 rudi
1364 2266 1524 2330 duntaxat

474 2376 628 2448 regnante
657 2365 758 2446 gratia
791 2366 964 2447 asperrima
992 2367 1205 2450 prenitudinis
1232 2370 1311 2432 lima
1338 2390 1404 2431 vox
1434 2368 1522 2431 rerbi

474 2471 653 2534 salebrosos
682 2470 893 2550 complanans
922 2470 1094 2543 anfractus,
1124 2491 1231 2553 praeco
1260 2472 1344 2552 regis
1380 2472 1522 2535 saluber·

473 2572 586 2635 rimum
608 2569 728 2632 Christi
749 2568 926 2651 devulgans
945 2570 1129 2650 adrentum,
1144 2594 1290 2655 superum
1313 2573 1412 2654 prolis
1431 2593 1522 2655 para·

472 2674 636 2758 nimphus,
666 2672 834 2757 primitivae
871 2672 1063 2757 dispensans
1098 2674 1257 2740 Ecclesiae
1293 2673 1522 2753 rudimentum,

473 2799 581 2840 nonne
595 2797 654 2858 pro
669 2775 848 2854 integritate
864 2776 1060 2840 castImouiae
1075 2777 1174 2839 totius
1188 2776 1344 2840 castitatis
1359 2788 1522 2839 auctorem

472 2882 548 2963 polo
564 2888 692 2960 patente
707 2896 785 2937 voce
800 2897 857 2958 per
872 2876 991 2939 aethera
1004 2889 1135 2940 tonante
1149 2877 1264 2960 spiritu
1277 2877 1312 2940 in
1327 2877 1522 2939 simulachro

473 2979 557 3042 alitis
572 2975 798 3053 descendente,
813 2978 833 3039 J
836 2975 965 3039 ordanis
979 2979 1103 3060 gurgite
1118 2978 1254 3042 tinctum
1268 2977 1409 3042 mundus
1430 3000 1521 3041 mun·

474 3077 561 3151 dum,
592 3087 624 3140 et
652 3076 742 3156 virgo
772 3078 927 3158 virginem
957 3079 1140 3162 baptizasse
1171 3079 1370 3157 describitur,
1400 3079 1521 3163 quique

474 3177 590 3240 torrido
623 3177 777 3240 castitatis
813 3177 925 3242 ardore
962 3179 1113 3260 flagrans,
1142 3182 1258 3244 vetitos
1293 3181 1409 3261 regalis
1438 3179 1522 3242 thori

472 3279 648 3362 hymeneos
678 3299 900 3360 compescens,
929 3279 1152 3365 olidarumque
1188 3282 1312 3364 polluta
1337 3280 1520 3363 nuptiarum

474 3380 685 3442 contubernia
721 3381 869 3462 aporians
906 3381 1088 3464 asperrimae
1124 3382 1316 3446 invectionis
1353 3380 1522 3444 severitate

473 3481 625 3559 coercuit,
647 3491 679 3544 et
703 3480 799 3565 hujus
822 3481 866 3543 rei
896 3481 997 3571 gratia
1025 3482 1156 3567 putidos
1176 3483 1328 3563 ergastuli
1356 3484 1522 3566 squalores

423 3643 430 3660 ,
472 3583 610 3646 libenter
623 3583 765 3646 laturus:
803 3583 968 3667 Purpureo
989 3584 1094 3648 carnis
1114 3607 1224 3648 cruore
1245 3585 1350 3647 rubris
1368 3583 1520 3647 fibmrum

472 3686 582 3749 rivulis
611 3686 746 3748 decurso
778 3705 900 3748 sacram
931 3685 1142 3769 redemptoris
1171 3686 1355 3770 passionem
1376 3685 1521 3768 mysticis

473 3786 739 3870 praesagminibus
753 3786 925 3869 portendit.

514 3889 536 3952 J
537 3889 680 3952 ohannes
691 3889 927 3972 quadripertita
943 3891 1081 3974 scriptor
1093 3891 1244 3969 historiae,
1253 3903 1286 3954 et
1300 3914 1397 3957 verax
1409 3891 1518 3955 Eran-

473 3987 584 4069 gelicae
606 3989 769 4052 relationis
798 3990 967 4067 tetrarcha,
990 4012 1087 4075 quem
1116 3993 1255 4056 salrator
1283 3995 1381 4056 unica
1407 3990 1521 4054 mundi

471 4086 649 4172 redemptio
680 4101 712 4152 et
740 4093 966 4156 conservanda
996 4094 1153 4158 castitatis
1181 4095 1268 4158 alma
1294 4096 1521 4180 praefiguratio,

472 4201 602 4273 propter
622 4192 785 4273 virginalis
805 4192 969 4276 pudicitiae
989 4196 1123 4277 gloriam
1143 4197 1225 4259 inter
1243 4205 1378 4262 caeteros
1398 4197 1520 4280 peculi-

473 4290 567 4352 ariter
582 4292 636 4374 pio
653 4293 805 4375 diligebat
818 4296 946 4373 affectu,
960 4297 1047 4360 miris
1062 4298 1213 4361 virtutum
1229 4300 1330 4381 signis
1344 4321 1401 4383 per
1417 4309 1520 4363 totum

472 4389 581 4450 orbem
612 4389 737 4453 claruit.
784 4393 917 4456 Etenim
940 4395 1057 4460 vimine
1087 4397 1293 4479 virgultorum
1319 4401 1477 4464 silvestria
1502 4423 1521 4464 e

471 4486 629 4552 frondosis
654 4491 836 4554 nemoribus
859 4494 967 4571 allata,
990 4499 1123 4562 mutarit
1146 4499 1180 4561 in
1205 4500 1350 4564 obrizum
1374 4502 1521 4565 flaventis
