3759 5425
426 798 490 858 380
652 807 729 853 VITA
744 807 918 855 stonum
935 808 1065 853 uenturo
1082 808 1242 857 AUCTORE.

426 964 521 1027 dictis
550 982 570 1025 a
599 963 674 1025 Deo
709 960 926 1041 praemonitus,
956 960 998 1023 ad
1028 958 1276 1025 Melduneusem
1304 962 1480 1026 ecclesiam

426 1062 543 1127 comite
563 1071 725 1146 praetante
747 1072 797 1123 est
817 1060 977 1123 adductus
997 1060 1032 1122 iu
1056 1062 1203 1125 crastino.
1247 1062 1319 1126 mic
1343 1061 1481 1145 quidem

427 1177 550 1248 septem
570 1162 732 1227 continuis
746 1161 871 1238 diebus,
886 1161 1003 1243 vigiliis
1017 1172 1049 1225 et
1063 1162 1260 1225 orationibus
1274 1164 1337 1227 Dei
1355 1162 1480 1225 miseri·

428 1266 569 1331 cordiam
590 1285 665 1328 cum
686 1265 876 1328 Sanctorum
899 1284 1028 1326 suorum
1049 1264 1206 1344 suffragiis
1226 1264 1480 1349 deprecaturam

429 1368 486 1453 qui
508 1374 637 1430 venerat
664 1376 849 1448 peccatores
874 1366 980 1427 salros
1010 1364 1124 1439 facere,
1146 1365 1189 1427 ad
1210 1365 1324 1449 prioris
1345 1362 1478 1426 luminis

429 1480 547 1535 statum
568 1488 641 1531 eum
663 1465 846 1547 dignaretur
866 1463 1036 1528 adducere.
1082 1465 1328 1529 sustentabatur
1348 1462 1476 1525 interim

428 1573 573 1635 Fratrum
587 1565 810 1647 eleemosynis,
824 1565 881 1648 qui
900 1564 948 1628 sic
969 1564 1171 1629 desiderabat
1186 1567 1318 1647 gratiam
1333 1566 1478 1628 Domini.

428 1672 571 1755 Septimo
600 1678 706 1731 autem
735 1666 908 1728 Dominico
938 1665 1003 1741 die,
1034 1666 1249 1750 Redemptore
1287 1678 1393 1729 nostro
1430 1666 1479 1728 illi

429 1774 555 1835 volente
577 1764 823 1832 misericordiam
853 1776 1014 1848 praestare,
1036 1776 1133 1849 atque
1163 1765 1267 1829 fidelis
1289 1767 1337 1829 sui
1360 1767 1478 1829 lamam

430 1872 526 1935 edam
546 1882 580 1933 et
599 1869 632 1931 iu
652 1868 716 1930 hoc
737 1866 904 1950 propalare
921 1864 968 1940 (ut
982 1866 1023 1927 sit
1037 1886 1111 1929 vera
1125 1866 1180 1929 illa
1194 1868 1352 1930 sententia
1370 1867 1481 1946 [Joau.

433 1976 484 2045 14,
496 1968 562 2049 la]
580 1967 615 2033 si
630 1966 710 2050 quid
725 1964 877 2050 petieritis
888 1966 1014 2027 Patrem
1026 1966 1059 2028 in
1071 1968 1201 2029 nomine
1217 1988 1299 2044 meo,
1308 1967 1363 2029 fiet
1374 1968 1480 2045 robis)

429 2072 521 2134 istius
544 2067 654 2132 Sancti
675 2066 827 2149 precibus
847 2078 943 2147 atque
965 2066 1132 2147 suffragiis,
1154 2066 1353 2150 aliorumque
1379 2067 1481 2130 Sauc-

430 2184 532 2237 torum
560 2166 680 2229 ibidem
710 2165 960 2247 quiescentium,
988 2166 1089 2229 risum
1121 2188 1217 2249 quem
1254 2168 1401 2230 amiserat
1434 2168 1481 2230 ita

431 2269 562 2352 recepit.
608 2266 695 2329 Dum
715 2264 749 2326 iu
767 2265 942 2327 Dominica
958 2264 1010 2327 die
1031 2266 1179 2329 monachi
1198 2288 1283 2330 more
1306 2268 1399 2331 solito
1421 2290 1482 2351 per

432 2372 570 2437 claustra
592 2366 773 2431 monasterii
803 2366 844 2429 ad
866 2368 1105 2450 processionem
1133 2369 1225 2446 irent,
1247 2380 1343 2453 atque
1366 2370 1409 2433 ad
1430 2370 1480 2432 in·

434 2474 563 2538 troitum
582 2468 730 2533 ecclesias
751 2465 895 2530 cauendo
915 2466 1104 2544 rediissent;
1124 2470 1181 2531 illo
1196 2470 1231 2533 in
1245 2469 1354 2533 medio
1370 2472 1482 2554 templi

434 2584 508 2637 ante
537 2568 738 2634 Crucifixum
768 2567 802 2629 iu
831 2567 1029 2631 orationibus
1056 2568 1198 2652 jacente,
1227 2581 1314 2634 tanta
1343 2571 1484 2654 Spiritus

435 2673 538 2738 sancti
559 2670 660 2752 gratia
680 2688 776 2751 super
796 2688 869 2730 eum
890 2667 1069 2745 descendit,
1084 2679 1119 2732 ut
1134 2670 1336 2734 comentibus
1356 2671 1484 2736 cunctis

434 2775 567 2855 sanguis
591 2793 633 2834 ex
659 2769 761 2833 oculis
787 2769 856 2853 ejus
878 2771 1024 2850 guttatim
1051 2770 1214 2850 deflueret,
1236 2782 1268 2836 et
1293 2771 1486 2836 cadentibus

435 2875 578 2963 squamis
599 2872 720 2957 sejam
743 2869 852 2933 ridere
874 2870 1033 2932 clamaret.
1079 2871 1256 2955 Statimque
1277 2893 1486 2955 consurgens,

436 2979 582 3062 quiante
601 2974 671 3036 siue
686 2971 818 3035 ductore
837 2971 882 3032 ire
902 2971 1096 3053 nequiverat,
1111 2973 1153 3034 ad
1171 2975 1351 3055 sepulcrum
1373 2974 1487 3037 Sancti

436 3080 525 3143 solus
544 3075 650 3138 venire
670 3073 814 3136 festinat:
839 3073 895 3156 qui
916 3071 973 3134 diu
994 3072 1039 3134 ibi
1061 3095 1127 3156 prae
1146 3075 1262 3155 gaudio
1285 3075 1392 3138 flendo
1412 3097 1484 3159 pro·

437 3187 563 3250 stratus,
577 3172 707 3236 tandem
722 3193 918 3253 consurgens
931 3173 1008 3236 illuc
1025 3173 1110 3236 uude
1127 3187 1254 3238 venerat
1268 3189 1317 3238 est
1329 3197 1485 3240 reversus.

439 3279 522 3340 Haec
537 3272 679 3335 ridentes
694 3273 875 3356 omnesqui
898 3272 1041 3351 aderaut,
1058 3276 1129 3338 Deo
1149 3276 1261 3340 laudes
1276 3277 1391 3341 devote
1406 3279 1484 3342 rese-

434 3378 558 3453 rabant,
573 3372 625 3437 cui
639 3373 742 3436 lrouor
753 3387 784 3437 et
799 3375 901 3454 gloria
914 3375 949 3436 in
964 3377 1083 3438 saecula
1098 3379 1297 3440 seculorum.
1343 3380 1456 3442 Amen.

487 3475 640 3562 Superius
669 3475 749 3538 serie
782 3475 929 3537 lectionis
958 3476 1135 3553 retulimus,
1163 3480 1376 3541 sacratissima
1412 3501 1485 3542 ossa

438 3580 543 3645 Patris
571 3575 671 3639 nostri
699 3573 871 3650 Aldhelmi,
899 3587 1030 3659 propter
1058 3578 1223 3640 Dunorum
1260 3578 1437 3662 perfidiam,
1466 3603 1485 3642 a

437 3676 609 3744 reverendo
637 3675 789 3739 Antistite
815 3675 987 3737 Duustano
1017 3673 1269 3755 Cautuariorum,
1294 3679 1375 3742 infra
1405 3701 1485 3742 mar·

439 3800 579 3843 meream
607 3777 749 3839 tumbam
778 3775 967 3853 honorifice,
992 3775 1109 3839 Sericis
1137 3776 1342 3857 indumentis,
1370 3780 1486 3860 ligneis

438 3881 552 3957 thecis,
575 3878 671 3941 fuisse
697 3876 875 3952 collocata3
904 3895 992 3939 nuno
1021 3888 1126 3938 autem
1153 3889 1308 3960 quantum
1334 3881 1487 3962 temporis

438 3985 523 4046 inter
540 3992 747 4060 utrorumque
766 3977 873 4040 obitus
893 3977 1068 4040 Priasulum
1090 3976 1192 4054 luerit,
1207 3991 1399 4060 quantumve
1416 3988 1489 4062 post

440 4081 601 4147 Dunstani
622 4079 845 4142 dormitionem
860 4077 1002 4160 jacuere,
1018 4077 1191 4160 qualiterve
1206 4088 1239 4140 et
1251 4099 1271 4140 a
1285 4079 1403 4162 quibus
1422 4074 1502 4142 siut'

440 4184 574 4261 elevata,
595 4181 708 4245 referre
731 4201 886 4244 curamus.
932 4180 1049 4242 Fuerat
1070 4179 1118 4241 vir
1138 4179 1199 4243 iste
1223 4201 1243 4243 a
1263 4181 1365 4244 Beato
1388 4183 1486 4246 Eleu·

442 4284 555 4362 tlrcrio,
577 4283 744 4346 Saxonum
767 4292 879 4364 quarto
904 4280 1082 4362 Episcopo,
1106 4279 1263 4358 Melduni,
1284 4281 1318 4343 in
1348 4282 1487 4346 ecclesia

442 4384 668 4466 Apostolorum
685 4381 773 4443 Petri
787 4393 819 4442 et
835 4379 939 4454 Pauli,
954 4379 1064 4441 Abbaa
1085 4377 1260 4456 ordinatus,
1274 4401 1359 4443 anno
1376 4382 1489 4444 Domi·

441 4485 526 4543 nica
552 4482 782 4543 incarnationis
811 4479 1045 4543 sexcentesimo
1071 4481 1271 4562 sexagesimo
1301 4492 1333 4545 et
1363 4483 1489 4546 circiter

442 4587 554 4646 sext03
583 4577 769 4657 Episcopus
791 4598 874 4653 vero,
897 4599 983 4639 auno
1005 4577 1149 4658 ejusdem
1173 4583 1238 4643 reri
1262 4583 1434 4646 Salvatoris
1456 4587 1488 4646 in
