3759 5425
661 751 706 795 os
721 751 883 797 muamus
898 751 1132 798 vraomrrsrrs.
1378 729 1421 797 69

365 903 537 986 Eugenius
551 911 585 968 et
598 903 758 982 Aurelius,
774 905 829 987 qui
844 906 955 988 sponsi
975 925 1084 968 earum
1104 906 1202 969 tirturi
1223 925 1292 968 esse
1314 905 1422 970 crede·

364 1005 494 1083 bantur,
508 1004 709 1068 fraudulento
731 1005 868 1068 consilio
886 1014 920 1068 et
938 1004 1138 1070 dissimulato
1160 1007 1291 1086 negotio
1314 1007 1421 1089 lmpe·

364 1109 480 1171 ratoris
501 1107 637 1192 pittacia
658 1109 839 1192 impetrant,
861 1117 898 1171 ut
919 1109 960 1172 ab
984 1111 1061 1172 urhe
1084 1110 1200 1186 Roma,
1224 1109 1266 1172 ad
1293 1110 1423 1194 propria

365 1208 492 1291 praedia
513 1207 719 1285 ducerentur,
732 1231 774 1272 ne
797 1208 878 1271 forte
901 1209 928 1270 si
949 1229 1008 1292 pro
1029 1209 1221 1272 Christianae
1242 1209 1422 1291 Religionis

364 1310 459 1373 titulo
484 1331 540 1373 eas
564 1321 755 1374 accusantes
781 1311 912 1393 publica
937 1311 1177 1375 insimulatione
1206 1312 1420 1395 propalarent.

365 1411 594 1475 Possessiones
610 1433 718 1475 earum
739 1421 772 1476 et
791 1432 938 1493 agrorum
960 1411 1051 1475 fundi
1070 1411 1174 1476 fiscali
1191 1413 1263 1496 jure
1285 1412 1421 1495 proscri-

366 1515 525 1578 berentur.
572 1515 683 1578 Ducta
703 1524 753 1578 est
771 1515 879 1597 itaque
901 1516 996 1578 beata
1010 1514 1152 1578 Victoria
1169 1535 1312 1599 praesago
1328 1535 1421 1579 voca·

366 1615 445 1677 bulo
468 1635 541 1678 rere
563 1614 683 1679 Christi
707 1615 840 1678 victoria
864 1615 898 1677 in
924 1615 1134 1678 Tribulanum
1162 1615 1363 1692 territorium,
1386 1626 1422 1678 ut

365 1716 489 1782 ibidem
504 1719 636 1782 exiliata
656 1717 748 1782 famis
763 1719 860 1802 copia
881 1727 915 1782 et
935 1718 1000 1782 cibi
1019 1718 1130 1802 inopia
1149 1729 1326 1802 angeretur.
1370 1720 1422 1782 Ea

367 1829 559 1903 tempestate
578 1819 726 1902 contigit,
740 1830 778 1884 ut
792 1819 932 1883 universi
955 1819 1145 1904 municipes,
1161 1840 1296 1903 quorum
1315 1821 1420 1884 muni·

367 1921 494 2003 cipatus
518 1922 554 1984 in
583 1921 761 1985 Tribulano
791 1919 969 2002 mrmicipio
998 1920 1111 1999 suerat,
1135 1921 1220 1984 virus
1250 1931 1283 1984 ct
1312 1921 1421 1984 flatum

366 2025 566 2107 squammosi
588 2023 736 2088 draconis
750 2043 816 2085 non
832 2023 969 2086 serentes
993 2033 1098 2104 spreto
1117 2023 1238 2107 oppido
1254 2025 1418 2106 vagabun-

368 2124 420 2187 dis
456 2125 616 2190 meatibus
651 2124 772 2207 passim
814 2121 1081 2207 dispergerentur.
1140 2123 1268 2200 Quibus
1309 2137 1421 2191 sancta

366 2225 522 2303 Victoria,
551 2227 579 2288 si
614 2232 872 2288 converterentur
907 2224 949 2287 ad
987 2224 1106 2305 Deum,
1134 2227 1252 2292 relictis
1289 2228 1421 2292 deorum

368 2327 563 2389 statunculis
582 2335 615 2389 et
636 2324 796 2388 abdicatis
818 2324 1022 2388 delubrorum
1044 2328 1259 2410 lupercalibus
1278 2330 1423 2393 ultronea

368 2425 562 2510 spospondit
575 2447 609 2489 se
625 2427 781 2489 virulenta
793 2427 972 2508 spumantis
986 2428 1130 2491 basilisci
1141 2429 1300 2511 spiracula
1310 2432 1422 2513 procul

366 2530 564 2612 pulsaturam
594 2540 628 2591 et
656 2528 768 2591 urbem
798 2527 1014 2591 incolumitati
1043 2529 1186 2610 pristinas
1215 2528 1421 2594 reddituram.

370 2633 455 2695 Nam
475 2642 608 2716 propter
629 2638 785 2693 venenata
805 2630 964 2693 horrentis
979 2629 1122 2714 chelydri
1144 2631 1245 2694 flabra
1259 2632 1422 2695 calamito-

369 2756 439 2797 sum
454 2735 570 2817 vulgus
584 2733 708 2815 ingenti
723 2743 826 2814 strage
841 2732 1025 2795 catervatim
1036 2731 1265 2811 trucidabatur,
1274 2744 1422 2816 parentes

368 2846 563 2920 prepostero
587 2832 700 2897 ordine
725 2833 894 2897 immatura
919 2832 1087 2915 pignorum
1114 2832 1227 2897 limera
1252 2846 1422 2899 cementss

369 2938 535 3001 flebilibus
559 2935 705 2998 orbitatis
737 2935 916 3017 quaestibus
943 2934 1056 2997 acriter
1082 2936 1276 2999 artabantur.
1327 2936 1419 3003 Tunc

369 3052 524 3123 patronus
537 3038 676 3103 civitatis
691 3037 882 3119 generaliter
900 3058 943 3099 ex
964 3058 1101 3120 persona
1124 3040 1299 3120 promiscui
1322 3062 1421 3105 sexus

369 3154 506 3207 crmctos
527 3140 647 3226 puellae
668 3138 805 3203 oraculis
821 3136 951 3201 credula
973 3138 1152 3221 praecordia
1169 3140 1310 3222 pandere
1325 3144 1421 3224 polli-

367 3256 468 3309 cetur.
521 3242 559 3307 si
587 3241 767 3305 truculenta
796 3240 896 3324 gipsae
926 3240 1111 3319 crudelitas,
1139 3263 1211 3324 quae
1240 3243 1419 3308 lethiferam

368 3344 559 3410 miserandis
573 3343 698 3407 civibus
712 3344 799 3406 luem
813 3342 971 3406 inferebat
985 3344 1113 3425 longius
1129 3355 1294 3407 arceretur.
1336 3346 1421 3409 Tum

368 3470 460 3513 sacra
473 3449 575 3529 Virgo
589 3446 746 3527 Angelico
767 3445 846 3509 fulta
866 3446 1017 3527 suffragio
1036 3466 1110 3511 cum
1133 3444 1235 3509 turbis
1253 3448 1419 3529 populosae

368 3550 505 3614 civitatis
530 3546 573 3611 ad
599 3545 817 3629 spectaculum
844 3546 1065 3629 manipulatim
1089 3546 1334 3623 confluentibus,
1360 3546 1418 3610 du-

369 3654 452 3715 citur
472 3650 517 3714 ad
535 3648 685 3713 draconis
708 3650 863 3731 speleum,
878 3660 1027 3731 crepante
1040 3648 1109 3730 jam
1129 3648 1287 3729 pullorum
1303 3647 1420 3730 plausu

367 3766 399 3817 et
411 3762 548 3818 sonante
570 3750 731 3831 gallicinio
752 3758 785 3813 et
806 3768 1011 3833 nequaquam
1035 3746 1249 3810 formidolosis
1272 3748 1417 3827 gestibus

369 3850 582 3927 tremibunda,
596 3870 656 3913 nee
673 3848 869 3913 meticulosis
888 3846 1064 3929 palloribus
1085 3846 1274 3909 nutabunda
1290 3848 1418 3914 latitan-

369 3968 433 4019 tem
454 3953 631 4037 alloquitur
651 3951 800 4014 bestiam.
844 3952 884 4012 ln
903 3948 1044 4025 nomine,
1062 3947 1178 4030 inquit,
1197 3950 1277 4012 Jesu
1300 3949 1420 4015 Christi

370 4057 502 4121 Domini
517 4055 619 4119 nostri
640 4054 695 4116 exi
714 4054 802 4126 hinc,
817 4050 913 4115 draco
935 4050 1143 4135 nequissime,
1159 4063 1190 4114 et
1205 4049 1247 4114 da
1265 4052 1419 4117 honorem

371 4160 453 4237 Deo,
468 4156 551 4221 vade
566 4156 623 4220 ubi
637 4176 704 4218 non
717 4154 866 4218 habitant
880 4154 1037 4216 homines.
1082 4152 1192 4215 Paruit
1213 4152 1310 4215 draeo
1325 4153 1421 4219 dictis

370 4270 401 4321 et
414 4280 511 4322 cursu
525 4256 731 4341 rapidissimo
744 4255 873 4334 fugiens
892 4254 1056 4317 abscessit.
1101 4253 1164 4315 llla
1184 4273 1259 4315 vero
1278 4253 1422 4337 ingressa

367 4359 533 4423 latibulum
548 4360 667 4434 beluae,
681 4356 807 4437 flagitat
824 4356 983 4437 populum
999 4354 1071 4437 jam
1091 4353 1228 4437 periculi
1244 4368 1419 4439 expertem,

368 4471 402 4523 ut
415 4460 478 4523 sibi
494 4458 669 4524 oratorium
689 4457 726 4520 in
747 4456 860 4520 eadem
875 4466 990 4539 crypta
1010 4464 1143 4530 struant,
1157 4464 1190 4517 et
1203 4456 1362 4538 puellulas
1376 4456 1418 4521 ad

368 4562 582 4645 patrocinium
608 4561 680 4623 vitae
705 4556 904 4641 impendant,
930 4558 1047 4639 quibus
1072 4558 1206 4642 imperio
1234 4559 1419 4640 parentibus
