3759 5425
635 770 793 815 sersrors
810 768 857 811 an
872 763 1050 827 sciacruu,
1066 766 1137 812 nro.
1361 752 1426 809 tob

460 922 532 985 Nec
546 931 660 985 natura
675 922 750 986 sinit
765 924 898 987 celerem
915 934 1024 986 natare
1039 943 1098 1007 per
1112 942 1233 997 amnes,

459 1022 617 1087 Pontibus
633 1025 824 1088 unitatibus
839 1024 956 1089 fluvios
970 1024 1104 1089 transire
1120 1024 1243 1086 feroces

462 1125 549 1197 Quin
565 1128 672 1210 potius
688 1126 827 1210 pedibus
841 1127 970 1209 gradior
984 1147 1080 1210 super
1094 1146 1223 1209 aequora
1238 1124 1344 1188 siccis.

789 1234 820 1291 4.
838 1228 889 1291 De
906 1227 1022 1290 Leone.

462 1328 588 1411 Setiger
602 1330 636 1393 in
653 1331 740 1393 silvis
755 1340 894 1394 armatos
910 1328 1062 1393 dentibus
1077 1351 1183 1414 apros,

463 1428 719 1515 cornigerosque
735 1432 830 1495 simul
846 1452 956 1495 cervos
971 1432 1049 1496 licet
1062 1452 1116 1494 ore
1132 1429 1284 1494 rudentes

462 1530 615 1611 Contere,
631 1554 691 1597 nec
707 1554 844 1617 parcens
858 1554 1003 1596 ursorum
1018 1553 1134 1617 quasso
1148 1533 1296 1595 lacertos.

461 1632 526 1695 Ora
541 1645 672 1697 cruenta
687 1634 810 1710 ferens3
833 1655 967 1712 memus,
981 1633 1143 1717 rictusque
1157 1634 1318 1715 lnporum,

463 1732 622 1797 Horridus
637 1734 724 1799 haud
740 1756 860 1813 vereor,
874 1736 975 1817 regali
991 1736 1131 1800 culmine
1147 1736 1256 1799 frems.

463 1836 598 1899 Dormio
613 1858 687 1900 nam
704 1837 823 1920 patulis
837 1858 902 1900 non
920 1837 1075 1901 claudens
1089 1837 1211 1900 lumina
1225 1835 1368 1918 gemmis.

785 1943 805 1999 5
822 1935 874 2000 De
889 1936 1020 2018 Pipere.

466 2036 544 2100 Sum
560 2039 652 2119 niger
666 2040 819 2116 exterius,
833 2060 951 2122 rugoso
966 2040 1087 2103 cortice
1102 2050 1215 2117 tectus,

466 2139 531 2203 Sed
547 2149 653 2204 tamen
669 2141 801 2204 interius
815 2140 1008 2205 candentem
1024 2152 1114 2225 gesto
1129 2140 1315 2205 medullam.

464 2242 618 2319 Delicias,
635 2244 748 2326 epulas
763 2263 885 2324 regum,
899 2244 1061 2328 luxusque
1077 2243 1234 2320 ciborum,

465 2338 524 2405 Jus
539 2343 634 2405 simul
649 2354 682 2405 et
695 2344 813 2428 pulpas
827 2344 969 2407 battutas
984 2343 1092 2407 condo
1109 2344 1236 2407 culinae.

467 2442 531 2507 Sed
546 2464 597 2507 me
613 2445 788 2508 subnixum
804 2445 893 2508 utilia
908 2446 1022 2508 virtute
1037 2445 1173 2520 videbis,

462 2546 593 2609 Viscera
607 2545 641 2607 ni
658 2546 776 2609 fuerint
790 2545 901 2609 nitidis
917 2559 1068 2629 quassata
1082 2545 1240 2608 medullis.

767 2652 797 2709 6.
815 2645 867 2708 De
879 2645 1036 2709 Pulvillo.

464 2753 550 2815 Nolo
566 2751 663 2816 fidem
681 2753 807 2834 frangas
821 2751 897 2814 licet
910 2751 1000 2814 irrita
1015 2750 1103 2815 dicta
1116 2761 1280 2834 putentur,

463 2853 603 2918 Credula
617 2853 675 2918 sed
689 2855 806 2918 nostris
821 2854 927 2939 pande
944 2853 1122 2938 praecordia
1135 2855 1250 2917 verbis.

464 2953 588 3018 Celsior
603 2954 644 3020 ad
660 2976 790 3038 superas
804 2975 936 3038 possum
952 2965 1133 3036 turgescere
1147 2956 1261 3034 nubes,

462 3056 497 3119 Si
514 3065 612 3139 caput
625 3055 764 3119 aufertur
779 3056 859 3120 mihi
874 3066 941 3120 toto
958 3077 1090 3140 corpore
1106 3057 1255 3142 dempto:

464 3161 594 3222 atvero
610 3158 725 3240 capitis
741 3158 768 3220 si
783 3178 898 3239 passus
913 3159 998 3222 mole
1014 3160 1177 3240 gravabor,

464 3259 536 3322 lma
550 3268 662 3343 petens
672 3258 793 3341 jugiter
807 3259 957 3324 minorari
973 3268 1064 3344 parte
1079 3260 1218 3324 videbor.

744 3367 774 3421 7.
792 3360 844 3423 De
860 3359 1058 3424 struthione.

465 3460 610 3523 Grandia
623 3461 766 3522 membra
781 3459 861 3522 mibi
875 3462 1081 3542 plumescunt
1095 3482 1227 3544 corpore
1243 3459 1355 3541 denso,

462 3560 524 3624 Par
539 3563 628 3625 color
643 3561 798 3645 accipitri,
814 3561 869 3624 sed
887 3560 997 3644 dispar
1012 3581 1110 3624 causa
1125 3563 1264 3627 rolandi.

466 3665 550 3728 Nam
567 3685 691 3728 summa
705 3664 831 3746 exiguis
845 3684 912 3726 non
929 3673 1020 3726 trano
1035 3683 1094 3745 per
1108 3664 1226 3728 aethera
1239 3667 1365 3749 pennis,

466 3764 532 3830 Sed
547 3765 656 3849 potius
670 3765 810 3849 pedibus
826 3764 947 3849 spatior
960 3785 1018 3849 per
1031 3765 1177 3848 squalida
1190 3787 1273 3844 rura,

466 3867 604 3930 Ovorum
620 3877 736 3930 teretes
750 3867 899 3950 praebens
914 3864 956 3929 ad
971 3867 1089 3950 pocula
1104 3876 1211 3932 testas.

464 3968 572 4033 Africa
586 3970 760 4032 Poenorum
776 3989 827 4032 me
842 3968 939 4032 fertur
956 3968 1085 4049 gignere
1100 3970 1203 4033 tellus.

735 4069 765 4130 8.
783 4068 835 4131 De
852 4067 1068 4148 sanguem.

465 4169 586 4236 Lurida
600 4193 657 4256 per
671 4171 784 4234 latices
800 4191 945 4235 caenosas
960 4171 1060 4232 lustro
1075 4168 1222 4252 paludes,

465 4275 548 4337 Nam
565 4272 644 4336 mihi
662 4273 845 4357 composuit
857 4292 977 4334 nomen
992 4271 1135 4334 Fortuna
1149 4284 1289 4337 cruenta.

464 4376 574 4440 Rubro
594 4375 671 4438 dnm
686 4374 806 4438 bibulis
823 4393 935 4438 vescor
950 4371 991 4435 de
1008 4371 1164 4453 sanguiue
1179 4375 1301 4440 buccis.

464 4477 602 4542 Ossibus
617 4487 650 4541 et
664 4475 803 4561 pedibus
819 4495 912 4539 careo
928 4473 1128 4557 geminisque
1142 4476 1278 4555 lacertis,

466 4579 610 4664 Corpora
624 4578 809 4642 vulneribus
825 4575 882 4640 sed
898 4574 1029 4639 mordeo
1046 4573 1115 4638 dira
1129 4577 1278 4657 trisulcis,

468 4683 571 4764 Atque
587 4678 757 4744 salutiferis
773 4679 820 4743 sic
836 4697 945 4739 curam
961 4686 1078 4760 presto
1092 4677 1226 4741 labellis.
