3759 5425
447 673 509 735 ltld

769 689 813 735 nrt
829 685 995 734 MUDIBUS
1011 685 1188 736 VIRGINUH.

531 843 688 925 Princeps
702 842 822 907 interea
835 843 959 922 mundi,
975 843 1033 928 qui
1047 851 1174 926 sceptra
1187 845 1328 926 regebat,

532 945 691 1028 Martyres
705 944 823 1009 edictis
836 945 951 1009 multat
966 942 1150 1008 crudelibus
1166 953 1270 1008 atrox.

532 1045 617 1110 [llum
633 1046 779 1126 geminos
793 1047 912 1131 pelagit
925 1045 1099 1130 predictos
1113 1046 1236 1128 gurgite
1250 1045 1361 1108 fratres

533 1148 690 1212 Merserat
703 1149 737 1212 in
752 1161 887 1233 pontum
902 1150 997 1212 fretos
1012 1149 1126 1212 virtute
1141 1147 1299 1211 tonantis:

534 1249 651 1332 Algida
664 1249 723 1314 sed
737 1252 842 1315 ritreis
856 1253 1028 1316 mitescunt
1043 1273 1174 1334 aequora
1187 1251 1304 1315 flustris

534 1349 623 1415 Dum
639 1351 726 1416 dicto
742 1353 839 1416 citius
854 1363 984 1416 sanctos
998 1350 1039 1415 ad
1054 1353 1148 1416 litora
1163 1362 1300 1416 vectant

536 1451 590 1514 Sic
605 1473 791 1536 compressa
805 1455 879 1518 salis
894 1475 985 1517 sacra
999 1456 1113 1518 virtute
1128 1463 1282 1537 potestas,

534 1552 677 1635 Turgida
690 1557 869 1638 fluctivagis
884 1557 1001 1639 sopivit
1015 1557 1132 1622 caerula
1147 1558 1282 1640 campis,

534 1653 678 1719 Dextera
692 1655 769 1720 dum
785 1658 886 1740 patris
900 1672 1027 1741 portum
1042 1659 1194 1741 patefecit
1210 1657 1244 1720 in
1261 1657 1365 1722 undis.

535 1755 659 1840 Impius
672 1755 794 1821 idcirco
810 1779 946 1822 cerneus
961 1757 1081 1822 vexilla
1095 1759 1218 1842 tropaei,

535 1857 645 1920 Altera
659 1859 827 1941 gorgoneis
842 1861 971 1923 molitur
985 1859 1102 1922 damna
1118 1861 1262 1937 venenis,

536 1956 621 2018 Nam
636 1960 816 2022 truculenta
830 1960 920 2023 ferox
937 1960 1134 2023 flammarum
1149 1961 1268 2041 pabula
1282 1970 1389 2036 torret,

535 2059 580 2123 Et
594 2073 859 2124 sacramentorum
876 2062 1037 2125 fornacem
1055 2062 1163 2124 fomite
1180 2061 1281 2136 farcit,

536 2161 574 2222 ln
590 2181 686 2244 quam
702 2160 888 2242 flagrantem
903 2181 1013 2225 sacros
1029 2160 1195 2226 detrudere
1206 2163 1314 2247 jussit,

536 2263 583 2325 Ut
597 2283 692 2344 rogus
706 2263 848 2326 insontes
861 2283 1035 2346 prunarum
1052 2275 1135 2326 torre
1151 2275 1303 2328 cremaret

534 2367 640 2442 Artus,
655 2385 739 2448 quos
753 2364 876 2428 dudum
893 2377 1079 2446 turgescens
1095 2365 1219 2447 gurgite
1234 2376 1353 2450 pontus

536 2464 682 2548 Mergere
696 2488 762 2529 non
779 2468 891 2551 quibat
904 2466 1106 2548 lympharum
1122 2467 1273 2531 fluctibus
1288 2467 1373 2530 atris.

535 2567 589 2632 Sic
606 2568 711 2631 facule
725 2568 862 2631 flammae
876 2567 1015 2630 fornacis
1030 2566 1140 2630 fomite
1156 2569 1267 2649 friget:

536 2670 583 2732 Ut
598 2669 690 2733 miles
706 2669 825 2733 Christi
839 2668 987 2749 neglecto
1003 2669 1129 2731 turbine
1144 2668 1281 2734 flammae

536 2769 700 2833 Redderet
714 2771 863 2851 ingentes
875 2790 934 2852 pro
950 2768 1013 2832 rita
1027 2770 1147 2851 sospite
1163 2781 1277 2851 gretes.

536 2872 605 2935 Ceu
620 2870 820 2934 salamandra
833 2870 924 2933 focos
939 2872 1023 2933 solet
1038 2870 1190 2933 insultare
1204 2892 1365 2954 pyramum,

536 2972 689 3045 Quamvis
704 2971 872 3053 congeries
887 2971 1079 3051 glomeretur
1093 2971 1174 3036 forte
1186 2993 1344 3055 rogorum.

534 3075 627 3138 Tunc
643 3074 751 3138 crucis
765 3074 798 3137 in
813 3075 958 3158 patulum
974 3088 1132 3157 coguntur
1146 3075 1301 3139 scandere
1315 3077 1422 3150 robur,

535 3178 639 3261 Atque
655 3176 871 3259 pharetrarum
885 3174 1003 3239 densas
1019 3178 1148 3239 sufferre
1164 3177 1304 3259 sagittas.

535 3278 618 3341 Mox
635 3290 719 3340 sator
734 3288 870 3340 aetemus
885 3277 941 3361 qui
958 3288 1085 3341 sanctos
1095 3277 1168 3361 jure
1185 3278 1368 3362 triumphat,

535 3378 668 3462 Spicula
678 3387 830 3441 tortorum
847 3378 1006 3458 confregit
1020 3377 1089 3441 dira
1102 3399 1240 3443 reorum.

533 3479 623 3543 Exin
637 3478 777 3562 martyrii
794 3490 999 3561 sumpserunt
1013 3492 1097 3543 serta
1111 3492 1254 3557 omenta,

534 3580 584 3643 Ad
601 3600 751 3644 convexa
765 3579 831 3661 poli
846 3578 1019 3661 migrantes
1035 3581 1177 3645 culmine
1193 3582 1281 3645 celsi.

579 3683 651 3746 Nec
668 3680 850 3745 meminisse
865 3702 970 3744 moror
985 3681 1148 3764 praeconia
1162 3683 1249 3747 clara
1263 3684 1448 3769 chrysanti,

534 3786 637 3858 Quem
654 3782 766 3846 merito
781 3780 921 3845 mundus
936 3782 1058 3846 famosa
1073 3783 1168 3848 laude
1179 3784 1367 3869 frequentat.

534 3887 636 3950 Hunc
652 3884 749 3967 igitur
763 3884 888 3966 genitor
902 3883 1070 3947 florentem
1085 3896 1229 3970 tempore
1244 3897 1349 3969 proto,

535 3984 685 4051 Tradidit
698 3986 853 4048 investem
869 3984 1028 4049 rhetorum
1044 3986 1122 4050 forte
1138 3988 1315 4069 magistris:

534 4091 582 4153 Ut
595 4108 676 4173 puer
691 4085 808 4151 indolis
820 4086 972 4149 libromrn
990 4084 1127 4151 disceret
1142 4101 1235 4169 artes,

535 4192 625 4264 Quas
640 4186 803 4253 mundana
818 4187 896 4251 colit
910 4187 1027 4251 stolido
1043 4190 1200 4273 sapientia
1213 4210 1321 4266 sensu,

534 4291 599 4365 Qui
615 4291 684 4365 fuit,
700 4301 734 4353 ut
749 4292 856 4365 fertur,
870 4287 1009 4353 donatus
1025 4301 1130 4354 mente
1147 4291 1266 4371 sagaci,

533 4392 658 4455 Ardens
671 4390 813 4472 ingenio,
827 4401 861 4455 et
874 4391 1023 4477 prudenti
1037 4404 1167 4475 pectore
1183 4394 1294 4476 puber.

533 4491 695 4556 Posthac
712 4492 842 4555 illustris
857 4490 934 4555 dum
951 4512 1041 4555 sarra
1056 4494 1217 4558 volumina
1232 4495 1334 4558 lector
