3759 5425
571 757 682 804 nonna
699 758 743 804 ns
758 758 832 804 aurs
847 757 965 804 suarm
981 756 1109 818 naara,
1123 757 1195 802 arc.
1345 741 1407 800 119

447 907 533 974 Fons
549 930 679 994 quoque
696 910 839 994 signatus
855 912 974 976 calesti
988 910 1112 994 gurgite
1125 909 1263 994 pollens,

450 1011 589 1076 Necnon
605 1021 637 1076 et
652 1023 754 1077 turtur
768 1013 928 1078 tremulus.
975 1013 1039 1078 cui
1054 1012 1209 1096 praescius
1223 1011 1297 1075 iniit

448 1114 608 1195 Angelus:
634 1117 687 1180 En
704 1116 849 1180 sobolem
866 1117 1035 1198 generabis
1049 1115 1138 1196 virgo
1149 1134 1333 1198 perennem,

448 1215 552 1298 Atque
568 1215 771 1302 puerperium
787 1216 927 1299 paritura
941 1235 1096 1300 puerpera
1109 1214 1236 1298 gignes,

449 1317 548 1383 Filias
564 1321 727 1384 altithroni
743 1320 866 1384 faustus
881 1321 1037 1385 vocitetur
1049 1320 1085 1382 in
1101 1340 1214 1382 arvum.

448 1417 589 1503 Spiritus
603 1443 621 1484 e
637 1421 718 1484 caelo
735 1422 838 1484 veniet
853 1420 1074 1484 sanctissimus
1090 1420 1123 1482 in
1138 1428 1181 1498 te,

446 1520 555 1584 Virtus
569 1543 646 1586 ecce
662 1531 717 1586 tuo
733 1522 856 1586 confert
870 1523 1057 1584 umbracula
1071 1519 1169 1586 cordi.

448 1622 551 1686 Patris
566 1623 772 1686 obumbrabit
785 1633 827 1700 te,
844 1623 941 1706 virgo,
957 1623 1045 1686 celsa
1058 1632 1208 1705 potestas.

447 1724 522 1796 Quo
538 1725 627 1789 dictu
640 1725 733 1790 matri
748 1733 933 1807 turgescunt
950 1725 1073 1788 viscera
1086 1724 1175 1802 foetu,

450 1826 514 1899 Qui
529 1825 655 1910 genitus
670 1825 825 1890 mundum
842 1825 1024 1888 miseranda
1036 1826 1110 1888 labe
1124 1824 1267 1901 resolvit,
1285 1887 1290 1893 ,

448 1927 555 2009 Atque
571 1927 747 1992 crucifixus
762 1926 886 2011 polluta
901 1927 1030 2010 piacula
1043 1925 1141 1990 tersit

869 2381 915 2442 ΙΙ.

451 2531 549 2595 Hanc
565 2531 677 2594 Petrus
692 2530 838 2594 absidam
854 2539 1037 2594 sanctorum
1055 2543 1137 2596 sorte
1153 2543 1294 2610 coronat,

453 2631 602 2715 Claviger
616 2633 764 2696 aetherius
780 2632 836 2717 qui
852 2645 976 2716 portam
992 2631 1104 2718 pandit
1117 2633 1151 2695 in
1170 2633 1268 2696 aethra

454 2735 580 2798 Janitor
594 2746 719 2799 aeternae
736 2733 908 2799 recludens
923 2734 1035 2796 limina
1049 2734 1132 2797 vitae.

455 2837 614 2900 Omnibus
630 2836 683 2900 hic
699 2836 861 2919 geminum
877 2833 1011 2916 digessit
1025 2834 1142 2917 dogma
1155 2856 1213 2919 per
1230 2838 1351 2915 orbem,

453 2939 548 3011 erod
566 2938 653 3001 binis
669 2945 795 3001 constat
810 2936 1005 3019 descriptum
1020 2937 1080 2999 rite
1094 2937 1224 3015 libellis,

455 3039 590 3103 Pectore
606 3040 662 3124 qui
677 3039 787 3122 patulo
804 3037 923 3101 Christi
938 3048 1099 3122 praecepta
1113 3048 1295 3122 capessunt,

457 3142 504 3205 Ut
518 3142 608 3225 prius
623 3160 786 3224 aequoreas
801 3140 954 3223 captabat
966 3152 1052 3203 recte
1069 3151 1212 3205 catervas

456 3244 559 3307 Linea
574 3243 785 3329 squamigeris
799 3241 978 3305 extendens
993 3243 1121 3306 vincula
1136 3244 1263 3307 turmis:

457 3345 511 3408 Sic
528 3345 695 3409 hominum
709 3363 830 3407 cuneos
844 3342 958 3407 mundi
972 3343 1013 3407 de
1028 3345 1152 3425 gurgite
1167 3356 1274 3427 raptos

457 3447 559 3511 Ducit
573 3446 614 3509 ad
629 3456 784 3508 aeternum
799 3445 919 3509 caelesti
933 3445 1054 3527 remige
1068 3466 1214 3527 reguum,

458 3550 504 3613 Ut
519 3548 579 3611 tibi
595 3548 739 3611 Salvator
754 3567 828 3610 vera
842 3568 915 3611 cum
932 3567 1010 3609 voce
1025 3546 1212 3629 spopondit,

457 3648 597 3723 Quando
612 3649 789 3733 piscantem
804 3646 913 3730 panda
929 3646 970 3710 de
985 3667 1095 3729 puppe
1110 3648 1256 3711 vocabat.

456 3751 519 3824 Qui
534 3747 626 3833 ponti
641 3748 779 3831 pedibus
794 3746 929 3811 calcavit
945 3747 1061 3810 caerula
1076 3746 1194 3827 glauci,

458 3850 523 3916 Sed
540 3872 625 3915 mare
640 3861 836 3932 mergentem
850 3846 982 3913 tumidis
996 3868 1061 3911 non
1077 3848 1200 3912 sorbuit
1214 3847 1329 3927 undis;

460 3954 604 4017 Dextera
619 3951 696 4015 dum
712 3951 831 4015 Christi
846 3948 1005 4031 turgentia
1020 3970 1177 4013 marmora
1191 3950 1319 4033 pressit,

459 4054 562 4139 Cujus
579 4054 751 4137 prestabat
766 4052 926 4116 defunctis
942 4052 1053 4114 umbra
1067 4051 1235 4129 medelam,

460 4156 547 4219 Dum
562 4154 632 4218 sani
647 4174 755 4217 rursus
770 4153 904 4217 redeunt
918 4152 960 4215 ad
975 4152 1099 4215 lumina
1113 4153 1197 4229 vitre,

459 4256 614 4330 Quamvis
630 4268 703 4321 ante
719 4256 817 4338 nigrae
832 4256 1020 4318 lustrassent
1033 4255 1146 4318 limina
1161 4255 1280 4319 mortis.

461 4357 527 4421 Hic
543 4378 673 4443 quoque
688 4356 866 4442 poplitibus
881 4377 1008 4420 necnon
1025 4366 1058 4418 et
1072 4376 1169 4419 cruce
1185 4358 1323 4438 gemello

460 4458 623 4523 Claudum
638 4468 793 4523 restaurat
808 4458 906 4521 frctus
921 4456 1035 4520 virtute
1050 4457 1218 4535 Tonantis,

464 4562 507 4623 tlt
522 4561 586 4625 cito
602 4562 720 4625 sanatis
735 4560 887 4643 praecepit
902 4579 1032 4642 pergere
1044 4560 1173 4642 plantis,
