3759 5425
475 694 515 752 32
829 711 855 752 s.
871 709 1046 754 renuatur
1063 709 1164 754 unsa

475 859 591 923 clarius
613 859 653 922 ad
674 860 829 945 liquidum
853 861 995 945 digessit
1041 864 1112 926 Nec
1135 883 1201 926 uon
1224 857 1298 946 Igya
1314 861 1355 922 τὰ
1373 855 1524 944 ἑξαμίρων,

474 959 509 1022 id
537 973 596 1040 est,
625 981 723 1046 opera
759 984 816 1025 sex
844 964 978 1043 dierum,
1007 986 1080 1048 quae
1117 966 1151 1027 in
1183 964 1333 1027 Latinum
1370 963 1523 1026 translata

473 1066 633 1144 leguntur,
651 1064 735 1127 Mira
760 1066 953 1149 eloquentiae
972 1065 1194 1129 disertitudine
1217 1066 1315 1127 fretus
1332 1063 1443 1127 edidit.
1488 1065 1523 1126 Is

472 1164 617 1249 iuquam,
642 1165 730 1249 quod
750 1167 941 1248 integritatis
962 1168 1061 1249 gratia
1084 1169 1287 1250 incorruptus
1313 1167 1524 1250 corporaliter

473 1269 617 1332 demerit
639 1269 801 1352 exipsius
823 1270 928 1351 elogio
951 1271 1170 1356 conjecturam
1194 1291 1345 1353 capesso:
1376 1271 1429 1332 lta
1447 1288 1523 1350 pro·

475 1370 651 1453 sequentis,
674 1379 706 1432 et
725 1370 889 1432 soemiuam
911 1391 976 1433 uon
999 1392 1162 1453 cognosco
1182 1381 1214 1434 et
1229 1370 1319 1452 virgo
1338 1391 1405 1432 non
1427 1389 1522 1442 smn;

473 1483 564 1534 vetus
583 1473 705 1556 quippe
725 1471 925 1535 consuetudo
944 1473 1119 1556 peritorum
1139 1495 1210 1541 esse
1233 1474 1330 1535 fertur
1348 1471 1522 1534 conciona-

474 1581 588 1650 torum,
601 1572 655 1654 qui
670 1591 728 1653 pro
744 1571 854 1634 rostris
868 1573 1000 1638 inedito
1014 1581 1147 1647 stantes,
1159 1573 1370 1656 popularibus
1385 1569 1524 1633 catervis

472 1672 715 1748 concionantur,
742 1683 776 1734 ut
801 1672 834 1734 in
865 1672 998 1736 diversae
1021 1675 1189 1737 concionis
1215 1695 1318 1737 cuneo
1344 1685 1376 1736 et
1402 1672 1524 1756 dispari

474 1794 566 1851 sexu,
588 1794 649 1836 ceu
671 1773 801 1856 propria
822 1773 867 1836 ita
895 1773 1058 1839 interdum
1080 1776 1184 1839 aliena
1207 1775 1423 1838 fruniscantur
1451 1793 1523 1855 per-

474 1897 565 1952 sona,
579 1886 675 1959 atque
686 1874 832 1938 attonitis
847 1874 1046 1940 auditoribus
1056 1876 1240 1960 ignarisque
1252 1873 1523 1939 auscultatoribus

473 2000 591 2042 arcana
605 1977 721 2041 mentis
740 1977 881 2060 ipsorum
901 1979 1114 2057 recludentes,
1128 1988 1161 2042 et
1181 1980 1330 2041 abstrusa
1348 1973 1521 2061 praecordi·

473 2105 563 2158 onim
577 2093 754 2146 reserantes
773 2081 902 2146 facundi
917 2084 1073 2146 sermonis
1092 2085 1181 2146 clave
1196 2082 1399 2166 patefaciant.
1443 2081 1522 2142 Hoc

473 2205 551 2264 ergo
580 2182 794 2247 concionandi
824 2203 941 2266 genere
971 2185 1124 2266 praefatus
1152 2185 1285 2248 antistes
1314 2181 1522 2246 sermocinari

473 2284 621 2362 creditur,
650 2285 707 2367 qui
742 2306 946 2369 nequaquam
983 2287 1186 2350 extrinsecus
1223 2287 1361 2350 carnalis
1395 2293 1520 2349 tantum

471 2385 638 2471 pudicitiae
664 2385 896 2449 immunitatem
918 2385 960 2450 ad
982 2388 1209 2472 promerendas
1232 2399 1370 2450 strenua
1391 2385 1522 2466 integri·

471 2487 546 2551 tatis
558 2487 674 2549 insulas
689 2487 839 2550 idoneam
862 2487 928 2550 fore
943 2498 1030 2551 ratus
1044 2499 1110 2552 est:
1152 2490 1223 2552 Nisi
1245 2488 1375 2572 spiritus
1390 2507 1521 2571 quoque

471 2589 662 2652 castimonia
691 2589 784 2674 cujus
819 2589 956 2673 imperio
983 2589 1141 2654 indomita
1175 2592 1351 2675 corporalis
1378 2588 1520 2652 lasciviae

469 2695 647 2780 petulantia
675 2695 857 2758 refrenetur.
901 2693 996 2758 Sicut
1023 2695 1193 2758 vernacula
1222 2716 1263 2757 ne
1287 2690 1521 2757 contumaciter

469 2799 654 2875 insolescat,
674 2808 827 2859 matronae
846 2797 978 2861 nutibus
995 2797 1207 2880 mancipatur,
1228 2795 1421 2859 intrinsecus
1442 2815 1520 2858 eon·

473 2900 630 2963 tubernali
646 2897 815 2960 sodalitate
835 2898 1037 2961 concorditer
1056 2896 1264 2961 adhaerescat.
1308 2896 1428 2959 Extitit
1449 2894 1520 2978 qui·

471 3003 547 3067 dam
583 2999 767 3063 Pontificali
803 2999 959 3083 dignitate
996 3000 1165 3064 decoratus
1201 3000 1312 3062 merito
1344 3000 1369 3061 F
1371 2998 1451 3062 oelix
1488 3010 1521 3060 et

470 3103 611 3179 nomine,
641 3100 697 3184 qui
728 3120 801 3162 cum
831 3094 889 3184 pro
920 3100 996 3165 fidei
1012 3102 1193 3166 constantia
1214 3122 1235 3163 a
1256 3101 1431 3165 tortoribus
1457 3111 1520 3163 tor·

472 3212 631 3287 queretur,
658 3214 690 3265 ct
711 3202 878 3266 horrendis
900 3203 1087 3267 carnificum
1117 3203 1313 3267 cruciatibus
1342 3202 1521 3281 agonizans

470 3304 734 3388 martyrizaretur,
743 3304 940 3367 exclamasse
956 3304 1068 3379 fertur;
1092 3304 1220 3367 Gratias
1235 3304 1293 3367 tibi
1307 3325 1369 3383 ago
1381 3302 1520 3380 Christe,

470 3406 547 3469 LVI
562 3426 664 3468 annos
678 3406 712 3468 in
728 3407 847 3468 saeculo
861 3406 1085 3488 Virginitatem
1100 3427 1203 3469 meam
1219 3404 1387 3469 custoditi.

512 3508 674 3571 XXVIII.
697 3506 881 3570 Anthonius
906 3508 1046 3571 coelestis
1068 3508 1161 3571 aratri
1188 3507 1337 3571 stivarius
1355 3516 1389 3570 et
1408 3508 1518 3571 Evan-

469 3612 565 3693 gelici
580 3610 734 3674 sermonis
750 3624 845 3689 sator,
861 3632 880 3674 a
894 3632 959 3695 quo
980 3612 1127 3695 primitus
1141 3632 1198 3695 per
1211 3614 1387 3697 AEgyptum
1408 3614 1519 3678 fertilis

470 3714 689 3779 coenobiorum
706 3733 797 3794 seges
818 3722 850 3775 et
863 3710 1020 3777 foecunda
1042 3714 1293 3777 conversationis
1313 3736 1393 3779 occa
1413 3715 1519 3796 grani·

469 3816 552 3895 geris
568 3815 754 3895 germinavit
769 3815 877 3898 spicis,
891 3814 978 3878 unde
993 3814 1164 3899 postmodo
1179 3817 1399 3900 memphytica
1412 3818 1519 3895 tellus,

469 3936 564 3999 quarn
583 3915 679 3978 Nilus
694 3916 867 3999 reciprocis
889 3917 1055 3981 foecundat
1074 3918 1214 3996 fluentis,
1228 3919 1377 3983 millenos
1396 3920 1519 3984 anima·

467 4037 536 4079 rum
547 4018 729 4101 manipulos
744 4019 778 4080 in
794 4018 963 4082 fructiferis
974 4020 1135 4084 Ecclesiae
1143 4022 1312 4085 novalibus
1322 4024 1519 4106 pullulantes

468 4121 609 4202 protulit,
625 4142 706 4205 quos
721 4122 869 4203 Angelici
884 4144 1041 4187 messores
1058 4124 1143 4202 (cum
1159 4124 1262 4205 figura
1274 4123 1388 4187 mundi
1401 4124 1437 4188 in
1452 4125 1518 4189 ictu

469 4232 502 4283 et
526 4231 632 4285 atomo
654 4223 828 4301 evanuerit,
851 4234 883 4287 et
901 4225 1044 4289 enormia
1069 4235 1281 4289 creaturarum
1302 4226 1461 4289 elementa
1482 4227 1516 4289 in

468 4323 583 4387 melius
605 4334 800 4389 commutata
823 4327 1006 4408 claruerint)
1027 4328 1235 4409 sequestratis
1254 4327 1401 4391 loliorum
1423 4328 1517 4392 fasci·

468 4425 549 4487 culis
573 4424 606 4486 iu
629 4424 821 4489 inexhausta
841 4426 984 4489 coelestis
1003 4428 1094 4509 regni
1111 4427 1234 4505 horrea,
1256 4429 1438 4491 catervatim
1461 4428 1518 4492 ad·

468 4528 660 4591 vectabant:
699 4527 816 4591 Nonne
838 4538 970 4611 propter
997 4530 1157 4611 egregiam
1182 4527 1297 4593 anime
1327 4527 1517 4611 pudicitiam
