3759 5425
468 600 531 661 288
746 612 900 659 aurarem
916 613 960 659 sn
975 610 1153 670 ιοιιιοιιιιι,
1168 612 1241 657 suc.

469 774 554 844 sunt,
581 773 617 829 ut
647 765 759 841 fibula,
786 764 906 843 fabula,
935 765 1025 842 ulea3
1058 766 1147 829 uude
1175 764 1277 839 aliter,
1305 763 1471 839 calculus,
1506 774 1543 825 et
1653 813 1657 829 .

467 867 594 930 tesseris
615 867 733 931 ludens
761 888 819 951 per
840 867 954 931 aleam.
999 869 1094 945 Area,
1114 865 1222 943 ardea,
1251 864 1356 940 simia,
1378 865 1542 940 vernula,

468 968 605 1047 garnrla,
619 968 758 1052 tippula,
779 978 911 1045 tessera,
925 968 1044 1046 fistula,
1061 969 1195 1043 castula,
1214 965 1373 1043 cuculos,
1386 964 1539 1041 luridus,

467 1068 644 1152 squalidus,
665 1068 825 1144 horridus,
855 1068 1001 1152 frigidus,
1029 1068 1195 1146 humidus,
1216 1064 1336 1143 aridus,
1357 1066 1538 1142 carbasus,

467 1168 646 1243 Caucasus,
672 1170 844 1245 Maenalus,
871 1170 1013 1244 frivolus,
1040 1187 1192 1247 cernuus,
1212 1168 1347 1243 culleus,
1373 1167 1535 1243 caerulus,
1652 1188 1664 1290 ι

466 1271 623 1345 auurulus3
646 1269 775 1334 utillud
789 1269 1007 1353 epithalamii:
1659 1297 1666 1402 p

605 1372 728 1427 Annulus
740 1374 859 1443 adigitis
871 1374 978 1429 tollatur
988 1374 1110 1429 mollibus
1120 1392 1204 1445 asper.

466 1469 624 1542 Quasdam
646 1492 689 1534 ex
709 1471 763 1535 bis
784 1472 974 1556 principalia
994 1484 1080 1550 suut,
1097 1483 1131 1537 et
1151 1473 1262 1556 primae
1284 1470 1465 1555 positionis,
1486 1484 1527 1532 ut

466 1572 562 1649 Allis,
590 1584 720 1651 tessera,
749 1573 925 1639 Caucasus.
985 1574 1143 1647 Quaedam
1172 1574 1325 1657 epitheta,
1352 1593 1426 1656 quar
1461 1592 1525 1633 uo·

466 1672 608 1737 minibus
622 1676 825 1757 copulantur,
840 1686 876 1739 ut
891 1678 1047 1757 garmlus,
1061 1674 1241 1760 squalidus,
1255 1671 1389 1737 luridus
1433 1672 1521 1735 Item

466 1774 619 1856 populus,
633 1773 661 1837 si
676 1774 718 1839 ad
733 1776 878 1840 arborem
893 1778 1043 1860 pertinet,
1057 1776 1206 1860 dactylus
1219 1785 1281 1852 est,
1294 1782 1349 1838 ut:

608 1879 724 1952 Populus
736 1880 787 1933 Alc
787 1881 838 1935 ida·
849 1883 1008 1950 godamma,
1019 1882 1080 1935 ritis
1091 1881 1197 1936 laccho.

465 1976 511 2040 Et
524 1986 637 2059 quarto
650 1976 734 2041 libro
749 1977 1000 2059 Georgicorum.

606 2081 701 2145 Qualis
713 2081 823 2155 populea
834 2098 948 2136 uroerens
960 2082 1108 2137 Philomela
1118 2084 1168 2138 sub
1177 2084 1278 2137 umbra.

465 2180 500 2245 si
514 2182 656 2264 populus
670 2180 764 2264 plebs
780 2190 839 2257 est,
854 2180 1033 2263 tribrachys
1047 2182 1118 2258 erit,
1130 2191 1184 2244 ut:

607 2284 698 2337 Mores
710 2290 739 2337 et
750 2285 838 2339 sordis
848 2292 876 2337 et
886 2284 995 2357 populos
1006 2292 1034 2339 et
1044 2286 1136 2358 prolis
1145 2288 1240 2341 dicem

466 2386 547 2450 Item
561 2392 684 2460 neutra,
700 2392 735 2445 ut
749 2381 923 2459 vinculum,
938 2381 1122 2465 simpulum,
1132 2384 1307 2466 serpulum,
1323 2384 1513 2497 symbolum,

466 2484 660 2568 cymbalum,
680 2490 882 2566 tympanum,
911 2483 1083 2560 sarculum,
1110 2483 1277 2560 nabulum,
1304 2484 1420 2559 lilium,
1449 2483 1514 2567 spi·

465 2587 587 2663 ortium,
627 2584 814 2659 cmstulum,
858 2582 1048 2661 Tusculum,
1086 2584 1282 2666 plusculum,
1321 2585 1518 2661 clanculum,

465 2686 630 2763 ferculum,
651 2683 828 2750 succinum.
875 2683 974 2749 Unde
1006 2685 1125 2749 lunius
1153 2685 1323 2750 luvenalis
1353 2686 1519 2769 Satyrione

463 2787 548 2852 libro
561 2786 675 2851 tertio:

606 2890 1024 2956 Eucuituvirldemumbellam,
1036 2892 1296 2946 odauceimmittis

466 2987 518 3053 De
531 3009 597 3072 quo
606 2986 732 3051 Plinius
745 2986 912 3051 Secundus
921 2987 1074 3071 physicas
1085 3009 1188 3052 rerum
1200 2989 1350 3052 historias
1360 2989 1520 3070 sagaciter

465 3089 646 3173 explanans
658 3088 742 3152 libro
757 3087 920 3170 trigesimo
936 3088 985 3152 sic
1000 3089 1065 3153 ait:
1103 3088 1408 3173 Transpadanorum
1428 3110 1518 3171 agre

466 3189 568 3254 stibus
597 3187 737 3252 foemiuis
765 3188 935 3253 monilium
957 3190 1027 3253 vice
1056 3191 1190 3255 succina
1217 3191 1429 3272 gestantibus
1473 3192 1521 3254 Et

466 3290 845 3375 infreSucciuis(inqait)
856 3291 1053 3369 inficiuntur,
1064 3303 1214 3357 caetemm
1226 3293 1335 3355 attritu
1342 3291 1520 3374 digitomm

465 3405 600 3480 accepta
620 3393 727 3457 anima
747 3393 861 3458 caloris
880 3394 1033 3458 trahunt'
1024 3415 1059 3457 ru
1082 3415 1117 3458 se
1138 3395 1247 3478 paleas
1268 3415 1308 3458 ac
1323 3393 1399 3458 folia
1418 3392 1519 3470 arida,

465 3508 502 3563 ut
515 3517 648 3580 magnes
664 3496 790 3574 sermm,
804 3495 985 3580 etreliqua.

509 3600 600 3664 Solet
627 3597 722 3662 etiam
751 3595 899 3680 dactylus
929 3618 950 3661 a
977 3597 1162 3662 nominibus
1191 3598 1302 3681 figura
1331 3597 1518 3681 composite

465 3700 644 3788 provenire,
665 3697 796 3783 quando
825 3720 846 3762 a
868 3700 1034 3763 verborum
1064 3699 1355 3782 significationibus
1383 3721 1461 3781 gero
1484 3708 1518 3761 et

465 3823 535 3868 sero
551 3811 799 3885 componuntur,
814 3811 849 3864 ut
864 3800 991 3882 setiger,
1008 3803 1200 3885 squamiger,
1215 3802 1361 3883 turriger,
1375 3801 1519 3882 naviger,

466 3903 653 3987 flammiger,
675 3902 822 3983 belliger,
851 3902 987 3985 floriger,
1016 3903 1151 3983 fumifer,
1181 3903 1345 3982 somnifer,
1365 3901 1517 3986 pinnifer,

466 4007 575 4090 aliger,
590 4003 726 4086 ferriger,
748 4001 885 4080 frucifer,
900 4002 1014 4082 fatifer,
1034 4004 1191 4086 corniger,
1213 4003 1352 4080 crinifer,
1371 4002 1518 4085 armiger,

465 4109 613 4196 pomifer,
642 4103 775 4183 astrifer,
806 4105 940 4183 ostrifer,
969 4106 1130 4185 umbrifer,
1166 4105 1340 4190 grandifer,
1375 4105 1515 4180 buxifer,

467 4211 629 4297 spumifer,
642 4206 757 4284 lotifer,
771 4206 895 4283 lanifer,
910 4216 964 4271 ιιι.

606 4313 744 4381 Lanigero
755 4310 968 4384 pecudesetequ
969 4329 1041 4366 orum
1053 4311 1147 4366 bellica
1158 4313 1253 4384 proles.
1660 3950 1671 4320 i

511 4413 562 4476 D.-
585 4409 785 4485 Quadrifaria
821 4409 1084 4494 conjugationum
1119 4411 1303 4477 discrimina
1337 4423 1516 4496 possuntne
1669 4477 1671 4550 ἵ
