3759 5425
438 641 480 700 88
794 656 820 701 s.
836 653 1013 699 annuatur
1030 651 1133 698 urana

440 805 658 886 succenditur,
673 817 830 872 attamen
850 807 1023 871 favorabile
1038 806 1098 868 viri
1114 803 1178 868 Dei
1192 804 1390 888 praeconium
1404 802 1494 866 falsis

440 908 659 992 suspicionum
676 910 872 990 argumentis
882 907 1119 973 mutabundum
1133 905 1276 968 elideret.
1314 906 1399 968 Nam
1414 914 1495 966 stro-

440 1010 535 1096 phosi
557 1009 752 1074 fallaciarum
772 1011 980 1074 fabricatores
1002 1009 1080 1072 satis
1100 1007 1292 1091 probrosum
1317 1006 1442 1069 facium
1461 1016 1494 1068 et

440 1113 621 1178 inauditum
645 1114 763 1177 crimen
786 1111 939 1177 adversus
969 1132 1042 1174 eum
1064 1111 1098 1173 in
1120 1108 1273 1174 cathedra
1301 1109 1495 1194 pestilentiae

442 1215 592 1279 sedentes
621 1216 656 1277 in
685 1215 826 1278 concilio
851 1214 911 1277 sub
941 1213 1045 1278 tribus
1073 1211 1209 1275 testibus
1238 1211 1395 1275 fallaciter
1423 1230 1496 1293 per-

438 1316 622 1402 jurantibus
642 1317 849 1393 concinnant,
863 1325 900 1379 ut
922 1314 1095 1378 Psalmista
1115 1312 1397 1396 chirographatur:
1436 1312 1496 1373 In·

443 1426 658 1482 suffecerunt
680 1421 715 1482 iu
731 1440 782 1480 me
805 1425 901 1481 testes
920 1419 1041 1500 iniqui,
1055 1425 1086 1480 et
1107 1420 1248 1480 merstilo
1267 1425 1314 1480 est
1335 1418 1498 1500 iniquitas

443 1521 514 1586 sibi.
560 1522 703 1594 Quorum
719 1541 803 1582 unus
817 1520 864 1582 ita
883 1541 925 1583 ne
945 1522 1012 1584 lare
1027 1519 1205 1602 crepitante
1223 1528 1390 1583 torreretur
1405 1539 1497 1583 rera-

445 1626 523 1689 citer
537 1647 572 1688 se
588 1623 645 1686 fari
662 1623 844 1686 testabatur.
889 1622 982 1684 Alius
1003 1621 1090 1684 itane
1105 1620 1261 1683 virulenta
1281 1621 1377 1703 regia
1396 1621 1498 1703 pestis

444 1725 705 1790 incommoditate
727 1725 944 1809 popularetur.
988 1723 1117 1787 Tertius
1131 1745 1173 1786 ne
1194 1724 1241 1786 ita
1259 1723 1404 1806 gemellis
1419 1745 1498 1787 ocu-

444 1831 547 1894 lorum
573 1829 739 1892 obtutibus
764 1827 935 1890 orbaretur.
982 1828 1034 1889 Ita
1064 1827 1234 1890 Narcissus
1256 1828 1328 1889 Deo
1354 1826 1498 1890 confisus

444 1952 652 2015 nequaquam
682 1930 927 2013 apologeticam,
950 1940 988 1993 ut
1012 1938 1121 1993 sontes
1150 1937 1184 1991 ct
1207 1929 1352 1991 insontes
1380 1931 1498 2006 solent,

445 2033 665 2098 defensionem
695 2033 843 2117 exquirit,
866 2030 923 2095 sed
954 2031 1150 2116 pontificalis
1180 2029 1342 2094 cathedra
1371 2031 1499 2115 apicem

446 2136 508 2200 hac
524 2135 697 2198 occasione
712 2134 844 2198 inventa
861 2135 1057 2218 relinquens,
1071 2135 1249 2198 abstrusam
1264 2133 1387 2197 heremi
1402 2135 1498 2197 rasti-

446 2247 543 2301 tatem
572 2236 676 2320 petiit,
706 2248 738 2299 et
765 2237 878 2300 frivola
907 2237 1094 2300 ramulorum
1124 2235 1391 2314 machinamenta,
1420 2256 1498 2299 con-

448 2341 658 2422 cinnatasque
682 2337 838 2402 factiones
868 2338 996 2418 fugiens
1018 2339 1187 2403 delitescit.
1231 2339 1332 2401 Porro
1358 2338 1500 2421 pellaces

447 2441 578 2505 testium
592 2459 756 2523 personas,
771 2461 844 2523 qnae
864 2442 1071 2523 presbyteros
1091 2451 1203 2504 contra
1217 2440 1395 2502 Susannam
1412 2461 1500 2503 mus·

448 2543 581 2606 silentes
609 2543 852 2618 aemulabantur,
880 2542 982 2605 ultrix
1012 2537 1113 2604 divini
1143 2551 1327 2625 potentatus
1363 2561 1501 2604 censura

448 2643 572 2708 eisdem
598 2643 746 2708 cladibus
769 2643 887 2729 quibus
916 2642 1118 2727 peq'urantes
1147 2664 1182 2706 se
1206 2641 1409 2719 devoverant,
1430 2663 1501 2705 cm·

449 2745 564 2811 daliter
584 2746 753 2830 percussit.
798 2747 951 2817 Quorum
964 2743 1087 2829 primus
1109 2765 1184 2808 cum
1205 2745 1293 2807 omni
1313 2743 1500 2808 domestica

449 2848 627 2911 sodalitatis
656 2846 819 2921 clientela,
842 2857 874 2910 et
892 2848 1083 2932 propinquae
1103 2846 1352 2910 necessitudinis
1381 2846 1500 2911 contri·

448 2951 578 3013 bulibus
606 2950 780 3033 inproprii
812 2948 949 3013 domatis
977 2950 1081 3030 tigillo
1109 2950 1277 3013 ultricibus
1302 2950 1500 3014 flammarum

451 3051 557 3133 globis
572 3050 785 3130 conflagrasse
799 3061 1000 3114 memoratur.
1046 3051 1216 3115 Secundus
1231 3072 1251 3114 a
1265 3051 1401 3135 triplicis
1415 3072 1502 3115 sum·

449 3154 560 3217 mitate
583 3152 706 3215 cerebri
734 3152 846 3236 planta
871 3160 965 3219 tenus
991 3156 1104 3217 morbo
1129 3152 1216 3235 regio
1240 3165 1439 3237 turgescens,
1466 3162 1502 3217 ut

450 3255 572 3319 dudum
584 3254 718 3317 demens
729 3264 762 3317 et
775 3253 947 3336 impudens
961 3276 1085 3339 procax
1100 3257 1346 3339 imprecabatur,
1354 3255 1501 3319 foetidum

450 3358 614 3423 exhalavit
639 3357 846 3439 spiraculum.
892 3357 1024 3420 Tertius
1048 3357 1225 3421 infoelicem
1255 3356 1412 3420 sodalium
1437 3358 1501 3421 for·

449 3473 560 3526 tunam
575 3457 841 3533 animadvertens,
856 3479 951 3521 omne
973 3459 1159 3522 concinnati
1174 3458 1323 3521 facinoris
1337 3457 1502 3541 piaculum

449 3583 520 3627 sera
539 3558 728 3645 poenitentia
750 3559 874 3622 cunctis
896 3559 1152 3623 auscultantibus
1170 3558 1205 3621 in
1223 3558 1394 3643 propatulo
1413 3569 1503 3640 pate·

448 3664 536 3741 fecit,
557 3661 719 3745 tantisque
747 3660 960 3724 lamentorum
990 3660 1184 3741 singultibus
1214 3671 1248 3723 et
1276 3670 1340 3723 tam
1363 3658 1504 3722 raucidis

450 3766 584 3829 fletuum
599 3763 775 3847 quaestibus
789 3761 1077 3826 lachrimabundus
1090 3762 1270 3844 lugubriter
1284 3762 1382 3840 flevit,
1397 3760 1502 3825 donec

450 3865 595 3947 gemellis
614 3864 809 3947 pupillarum
829 3863 1007 3927 luminibus
1025 3864 1170 3928 funditus
1189 3862 1395 3940 fraudaretur,
1415 3862 1503 3927 uude

450 3974 580 4030 cautum
617 3976 675 4044 est,
704 3967 788 4029 milti
823 3964 1001 4029 uindictam
1038 3975 1070 4030 et
1106 3988 1163 4049 epo
1199 3964 1390 4042 retribuum,
1418 3965 1504 4028 dicit

451 4070 623 4131 Dominus.

495 4167 583 4240 Quid
605 4168 736 4233 referam
759 4180 879 4233 sanotae
909 4169 1138 4234 recordationis
1159 4168 1386 4246 Athanasium,
1410 4166 1505 4251 cujus

450 4268 644 4349 rumigerula
664 4270 846 4334 meritorum
869 4270 979 4353 gloria,
1001 4282 1033 4335 et
1054 4272 1210 4354 florigera
1232 4269 1399 4354 pudicitia
1421 4290 1503 4353 prae·

451 4369 737 4453 coniaquanquam
747 4371 927 4455 specialiter
937 4372 1025 4455 apud
1035 4372 1269 4436 Alexandriam
1284 4371 1504 4453 etAEgyptum

451 4474 671 4549 clarescerent,
692 4493 749 4555 per
771 4474 869 4537 totius
891 4482 999 4537 tamen
1024 4476 1136 4540 mundi
1160 4475 1316 4553 cardines,
1339 4474 1395 4536 ubi
1418 4472 1503 4536 fides
