3759 5425
773 685 818 730 Dte
837 683 1001 731 arnoltus
1015 683 1198 731 VIRGINUH.

540 839 566 901 F
567 839 700 901 allentes
714 838 832 921 pariter
846 837 1014 901 mulctavit
1028 847 1137 900 monte
1150 846 1323 900 cruentam.

540 937 698 1022 Tempore
714 938 761 1001 sic
777 937 842 1002 alio
857 937 992 1002 vincerm
1007 937 1122 1000 virtute
1138 934 1310 1000 draconem

542 1039 720 1105 Horrendis
734 1049 832 1104 atram
845 1039 991 1124 jactabat
1004 1038 1152 1102 faucibus
1167 1039 1275 1116 offam,

538 1128 628 1206 ¹Dum
644 1142 737 1224 glutit
751 1139 878 1225 piceam
894 1141 1034 1205 crudelis
1047 1140 1151 1204 bestia
1164 1160 1313 1213 massam,

546 1244 628 1308 Ilico
643 1255 834 1327 rumpuntur
848 1243 990 1307 multatae
1005 1243 1128 1306 viscera
1141 1242 1257 1306 belvoe.

546 1345 642 1408 Hunc
658 1345 749 1407 Deus
763 1343 922 1408 horrenda
937 1363 1063 1428 semper
1075 1353 1196 1407 tutatur
1209 1343 1252 1406 ab
1265 1343 1323 1419 ira,

544 1445 732 1517 Quamlibet
745 1459 898 1530 expertus
912 1446 1026 1508 toleret
1038 1455 1197 1509 tormenta
1210 1444 1375 1507 malorum.

544 1546 695 1630 Denique
709 1567 773 1608 non
791 1544 928 1630 trepidat
943 1545 1040 1610 fretus
1055 1545 1242 1608 coeleatibus
1255 1542 1362 1618 armis,

543 1647 653 1710 Saevos
667 1647 832 1711 belvarum
844 1647 959 1721 rictus,
973 1667 1160 1730 morsusque
1174 1646 1316 1720 leonum,

424 1749 431 1770 '
545 1748 699 1820 Quamvis
712 1748 859 1812 inclusus
875 1749 970 1812 saevis
984 1748 1158 1812 tortoribus
1172 1756 1267 1820 esset,

545 1851 703 1932 Egregius
718 1860 806 1915 vates
821 1851 945 1914 foveam
960 1860 1102 1914 retrusus
1115 1849 1150 1912 in
1165 1856 1274 1912 atram

541 1951 717 2033 Virginitas
731 1963 855 2016 castum
871 1951 917 2014 sic
934 1962 1039 2015 serrat
1054 1970 1180 2035 semper
1192 1949 1344 2024 amicum,

544 2053 672 2116 Tetrica
686 2063 896 2116 contemnens
909 2052 1050 2116 millenis
1064 2050 1182 2115 damna
1195 2049 1333 2133 periclis.

587 2153 641 2218 Sic
656 2174 785 2238 quoque
800 2152 949 2234 virgineis
963 2153 1145 2216 redolentes
1158 2152 1290 2214 floribus
1305 2149 1383 2212 olim

541 2255 622 2319 Tres
635 2255 724 2337 pueri
739 2253 855 2337 pariter
869 2265 1033 2317 servarunt
1042 2253 1116 2337 jura
1130 2252 1262 2336 pudoris

542 2360 646 2420 Aurea
661 2363 847 2440 spernentes
862 2354 972 2419 stolidi
986 2355 1158 2418 simulacra
1172 2353 1308 2438 tyranni.

545 2457 608 2530 Qui
623 2467 743 2520 turmas
758 2456 844 2537 vulgi
860 2454 1004 2533 surdum,
1018 2466 1207 2541 mutumque
1221 2455 1384 2521 metallum

546 2559 687 2642 imperio
702 2569 837 2621 terrente
847 2555 943 2640 jubet
958 2557 1133 2622 venerarier
1148 2579 1279 2621 omnes:

545 2658 630 2723 Cum
644 2659 722 2723 tuba
735 2655 913 2723 raucisonis
928 2660 1039 2722 reboat
1052 2658 1258 2739 clangoribus
1271 2658 1354 2734 alte;

545 2760 668 2825 Fistula
682 2782 755 2824 cum
771 2760 901 2824 citharis
914 2760 1092 2823 reclamans
1107 2760 1226 2823 aethera
1239 2761 1357 2843 pulsat,

545 2862 707 2926 Sambuca
720 2860 896 2944 salpicibus
909 2860 1084 2943 respondet
1097 2861 1223 2925 musica
1237 2861 1366 2926 crebris.

544 2962 593 3027 Ut
607 2962 743 3045 genibus
759 2961 852 3024 flexis
867 2970 900 3024 et
914 2982 1012 3025 curro
1027 2962 1127 3045 polite
1141 2963 1265 3045 plebes,

545 3066 652 3128 Aurea
666 3083 724 3145 per
738 3082 870 3145 campos
884 3072 1013 3127 orarent
1025 3062 1112 3135 idola
1125 3064 1219 3145 regis.

546 3164 610 3229 Sed
627 3176 733 3229 tamen
751 3164 892 3227 Hebraea
906 3186 1063 3249 spernens
1078 3163 1217 3229 ludibria
1229 3166 1334 3249 pubes

545 3266 673 3332 Ceruua
687 3286 753 3328 non
769 3264 868 3329 llectit
883 3266 1060 3330 simulacris
1075 3268 1159 3330 colla
1172 3265 1340 3331 nefandis:

544 3368 670 3451 Impius
684 3366 804 3431 idcirco
819 3365 959 3430 fornacis
970 3375 1053 3431 torre
1067 3368 1207 3433 minatur

545 3470 726 3533 Puberibus
740 3466 838 3531 castis
853 3478 890 3531 ut
904 3468 1027 3531 cultum
1041 3479 1192 3550 suggerat
1207 3469 1311 3545 ardor,

546 3572 635 3635 Dum
649 3568 821 3635 furibunda
834 3569 905 3652 pios
920 3568 1077 3632 nodarent
1089 3570 1196 3632 vincla
1208 3570 1354 3633 lacertos.

544 3671 722 3755 Extemplo
737 3690 842 3733 nexus
856 3669 1033 3733 combussit
1047 3672 1176 3734 flamma
1189 3671 1322 3750 semem,

546 3772 611 3839 Sed
627 3792 718 3836 sacra
732 3780 915 3834 sanctorum
929 3790 996 3833 non
1013 3771 1126 3853 quibat
1138 3772 1281 3836 membra
1294 3792 1445 3851 cremare,

546 3878 575 3941 O
591 3875 706 3937 mirum
722 3866 827 3934 dictu!
852 3890 969 3953 pueros
984 3871 1071 3959 quod
1086 3874 1216 3936 flamma
1230 3873 1360 3947 camini,

545 3976 700 4041 Turribus
715 3970 866 4035 innocuis
882 3970 952 4035 diro
969 3973 1029 4035 sub
1045 3994 1173 4037 carcere
1188 3974 1288 4038 coxit.

548 4082 664 4143 Verum
679 4074 844 4156 virginitas
859 4074 979 4156 sprevit
993 4086 1151 4139 tormenta
1164 4096 1324 4157 rogorum,

545 4178 753 4245 Scintellante
769 4171 832 4237 lide
848 4173 924 4235 dum
939 4174 1063 4239 fervent
1072 4176 1172 4241 corda
1184 4177 1332 4256 virorum,

545 4278 687 4361 Angelus
701 4273 872 4356 ignicomis
888 4296 964 4338 nam
979 4286 1111 4341 sanctus
1124 4277 1254 4341 scandit
1267 4280 1309 4341 ab
1324 4279 1429 4358 astris,

544 4376 680 4446 Torrida
693 4397 767 4441 cum
782 4372 897 4458 gelidis
912 4375 1029 4441 sedans
1043 4377 1195 4443 incendia
1209 4378 1327 4443 tlabris.

546 4482 795 4560 carbonumque
809 4477 922 4559 globos
938 4477 1145 4559 exstinguens
1158 4479 1259 4543 imbre
1275 4500 1424 4564 superno.
