3759 5425
360 643 362 650 '
441 689 505 747 sor

723 703 767 748 ott
782 703 866 749 OCTO
882 703 1140 750 Putuctestluus
1155 705 1263 750 virus.

529 852 623 917 Saeva
637 855 841 935 profanorum
855 856 1060 920 contundunt
1074 857 1138 920 tela
1152 876 1326 939 sparorum.

527 954 704 1038 Virginitas
719 958 815 1039 igitur
830 980 903 1042 quse
918 959 1023 1022 calcat
1038 958 1175 1021 crimina
1189 958 1300 1041 stupri,

420 1114 424 1119 ,
528 1054 632 1130 Qum
648 1079 715 1122 non
731 1058 883 1143 deturpat
895 1060 1022 1144 peccati
1037 1080 1122 1122 seara
1136 1059 1282 1135 cicatrix,

529 1156 651 1221 Contra
664 1161 821 1226 bellantes
836 1160 963 1225 studeat
977 1171 1097 1225 certare
1112 1170 1265 1223 catervas.

528 1258 738 1344 octenosque
752 1261 864 1341 duces,
878 1264 999 1347 quibus
1012 1262 1136 1325 haerent
1149 1261 1277 1343 agmina
1292 1281 1388 1335 saevs,

525 1360 656 1426 Viribus
670 1365 797 1428 armafis
811 1366 930 1429 nimtur
945 1365 1071 1428 vincere
1087 1365 1185 1446 virgo.

527 1465 579 1527 Nc
609 1468 713 1529 solum
728 1465 860 1551 prodest
873 1469 993 1532 tirones
1007 1477 1145 1531 sternere
1168 1466 1283 1548 stupri,

530 1566 578 1629 Et
595 1588 755 1631 macerare
770 1589 860 1632 suam
876 1566 999 1633 crudeli
1014 1568 1145 1632 vulnere
1160 1587 1304 1632 carnem:

529 1667 656 1731 Caetera
670 1668 704 1729 ni
719 1669 836 1731 liserint
849 1667 999 1732 vitiorum
1014 1667 1149 1731 crimina
1164 1676 1297 1750 septem,

525 1768 577 1833 Ad
592 1767 695 1833 diram
707 1780 865 1854 prostrata
879 1793 994 1836 necem
1010 1773 1227 1855 grassantibus
1242 1769 1349 1834 armis.

527 1871 574 1935 Ut
586 1871 728 1954 populus
742 1871 875 1934 Domini
889 1871 985 1955 liquit
998 1872 1216 1957 Memphitica
1230 1881 1368 1953 sceptra,

526 1970 675 2035 Humida
688 1993 763 2035 cum
778 1972 877 2036 siccis
890 1973 1068 2056 pervadens
1082 1975 1200 2037 caemla
1213 1971 1343 2055 plantis,

522 2071 568 2133 Et
583 2081 696 2154 quater
710 2093 868 2138 annorum
884 2075 1058 2158 complevit
1071 2085 1215 2158 tempora
1231 2073 1326 2148 dena,

526 2171 603 2233 Hoc
618 2184 678 2250 est,
692 2175 800 2237 octoni
817 2177 960 2259 spatiosa
973 2176 1134 2241 volumina
1148 2176 1252 2251 lustri,

527 2271 707 2356 Usquequo
721 2274 887 2356 promissae
902 2275 1024 2340 telluris
1038 2297 1138 2356 regna
1151 2288 1308 2360 capessat.

524 2372 590 2436 Sed
606 2374 700 2457 plebs
714 2375 852 2458 AEgypti
864 2377 960 2440 rubro
975 2377 1034 2440 sub
1051 2377 1174 2459 gurgite
1188 2399 1302 2454 mersa,

525 2475 607 2547 Quae
623 2484 743 2540 turmas
758 2477 877 2540 flustris
892 2477 1009 2542 densas
1022 2477 1179 2561 perdebat
1194 2478 1333 2562 aquosis,

523 2580 706 2663 ingluviem
720 2581 838 2644 ventris
848 2581 936 2664 juste
952 2581 1077 2663 signare
1092 2592 1247 2665 potestur.

522 2678 726 2764 Quapropter
738 2700 853 2764 pravas
867 2699 1060 2764 expugnans
1075 2681 1174 2764 Virgo
1191 2682 1350 2757 cohortes,

525 2782 622 2846 Hanc
637 2792 761 2863 pestem
777 2782 882 2863 primo
898 2781 1001 2845 diram
1017 2783 1188 2847 certamine
1204 2784 1323 2863 vincat,

522 2884 626 2955 Quam
642 2882 785 2965 sequitur
795 2882 951 2946 scelerata
963 2884 1119 2967 phalanx,
1130 2885 1294 2970 luxusque
1309 2886 1466 2966 ciborum,

520 2984 735 3065 Ebrietasque
751 2983 857 3062 simul,
871 3006 932 3048 nec
948 3006 1015 3048 non
1032 2996 1064 3049 et
1079 2989 1210 3071 crapula
1225 2988 1343 3065 cordis,

521 3082 701 3165 Ingluviem
717 3081 856 3166 dapibus
871 3106 944 3168 quse
961 3106 1087 3169 semper
1101 3088 1205 3169 pascit
1219 3087 1345 3171 opimis.

521 3184 588 3250 Sed
602 3183 688 3265 gula,
703 3204 775 3266 quae
791 3182 897 3248 dulcis
909 3187 1051 3249 lucratur
1065 3187 1187 3251 fercula
1202 3188 1317 3263 rictus,

518 3288 565 3352 Et
578 3284 675 3370 gestit
689 3294 829 3350 saturare
844 3287 895 3351 aui
909 3288 1086 3371 penetralia
1100 3289 1228 3367 ventris,

521 3392 568 3454 Ac
585 3389 784 3453 stomachum
799 3389 910 3453 fmcire
925 3390 1034 3454 studet
1047 3392 1288 3475 praepinguibus
1302 3393 1397 3471 extis,

521 3496 540 3558 J
544 3493 642 3577 ejunii
657 3492 771 3556 validis
784 3494 895 3576 pellax
909 3494 1117 3577 prosternitur
1130 3494 1236 3558 armis.

566 3597 650 3659 Nam
666 3595 891 3678 protoplastus,
905 3614 1002 3677 quem
1017 3614 1075 3657 rex
1091 3594 1237 3659 formauit
1252 3596 1392 3681 Olympi,

522 3697 773 3778 Ruricolamque
786 3695 898 3759 rudem
912 3694 1029 3780 palmis
1044 3696 1255 3777 plasmaverat
1270 3698 1372 3774 almis,

520 3800 655 3863 Pectora
669 3796 856 3861 [secundans
870 3797 990 3861 caelesti
1005 3797 1134 3861 flamine
1148 3797 1233 3875 vitae,

517 3899 715 3965 Jamdudum
730 3897 849 3963 cecidit
861 3910 1037 3980 prostratus
1052 3896 1162 3962 fraude
1179 3900 1301 3981 gulosa,

517 4004 604 4066 Dum
621 4000 752 4063 vetitum
767 3998 848 4082 ligni
863 3998 981 4061 malum
998 3997 1184 4082 decerperet
1198 4000 1319 4075 ambro,

517 4110 545 4169 A
561 4126 625 4189 quo
640 4103 825 4188 pestiferum
841 4100 997 4183 gliscebat
1012 4120 1121 4163 semen
1136 4104 1169 4163 in
1186 4102 1273 4177 orbe,

521 4208 618 4273 Unde
633 4229 724 4289 seges
738 4208 840 4291 spissa
854 4205 976 4289 spurcis
992 4206 1151 4269 succrevit
1166 4207 1281 4283 aristis,

521 4310 670 4374 Ebrietas
685 4306 809 4374 animos
824 4308 906 4371 solet
919 4327 1069 4371 enervare
1085 4306 1232 4371 virorum.

516 4412 600 4474 Nam
616 4421 701 4473 sator
716 4408 872 4473 elmundi
888 4417 1037 4489 regnator
1050 4418 1124 4491 post
1138 4408 1379 4492 cataclysmum,

513 4512 598 4576 Cum
615 4530 716 4589 genus
729 4510 905 4584 humanum
921 4508 1092 4572 multarent
1107 4529 1234 4593 aequora
1249 4508 1380 4587 ilustris,
