3759 5425
459 692 523 750 286
732 702 889 750 errsrona
904 702 948 747 ιιι
964 700 1141 760 sciemur«,
1156 700 1230 746 ero.

1616 334 1640 850 i

457 857 537 920 libet
558 857 709 941 temporis
730 855 926 921 tribrachum
948 852 1036 919 haud
1056 872 1200 937 unquem
1221 850 1401 915 derivatum
1422 850 1528 914 remi·

459 958 577 1035 niscor,
606 957 752 1043 quamvis
785 958 819 1021 in
857 956 983 1023 caeteris
1016 954 1195 1018 orationum
1223 952 1372 1035 partibus
1401 950 1527 1014 crebro

457 1058 662 1143 poematibus
698 1059 853 1121 insertum
888 1055 1046 1133 recorder,
1074 1065 1110 1118 ut
1142 1054 1250 1135 igitur,
1279 1062 1313 1116 et
1347 1051 1526 1135 quonian,

459 1160 591 1237 etenim,
605 1159 703 1223 ethis
717 1158 841 1223 similia
1651 1213 1652 1248 ,

503 1258 546 1321 D.
569 1256 729 1323 Predictn
748 1278 930 1321 sermonum
947 1257 1098 1339 exempla
1116 1276 1183 1339 quo
1197 1264 1333 1319 accentu
1347 1252 1520 1337 proferun-
1642 1246 1652 1340 ii

459 1356 626 1425 turi—M.
652 1358 771 1423 Omnia
794 1357 1030 1443 propemodum
1054 1363 1231 1433 acuuntur3
1264 1362 1298 1417 et
1321 1353 1401 1437 quia
1426 1362 1519 1415 anto·
1649 1373 1652 1452 p

458 1455 637 1541 penultima
650 1462 787 1519 occentu
801 1464 939 1533 notatur,
954 1454 1076 1518 idcirco
1090 1463 1128 1517 ut
1140 1455 1274 1518 arbitror
1286 1453 1353 1518 duo
1367 1467 1517 1536 tempora

460 1558 494 1621 in
509 1557 669 1621 tribracho
683 1555 726 1621 ad
740 1554 824 1620 ursin
839 1567 872 1620 et
885 1577 986 1619 unum
1001 1554 1044 1620 ad
1057 1556 1162 1619 thesin
1176 1555 1394 1639 pertinebunt.

876 1654 1097 1719 DeMolosso.

506 1757 548 1821 D.
575 1757 631 1819 Ds
652 1754 810 1820 rationem
831 1754 1000 1820 nominum
1029 1763 1063 1819 et
1083 1756 1253 1819 verborum
1274 1754 1317 1819 ad
1338 1756 1513 1819 molosorum

462 1857 578 1943 pedem
592 1856 908 1941 pertinentem—M.
925 1856 1069 1921 Nomine
1082 1856 1230 1941 primitus
1240 1856 1373 1920 strictim
1385 1866 1420 1919 et
1428 1876 1514 1920 snm·

463 1959 572 2023 mutim
593 1957 735 2040 digerere
750 1957 845 2036 nitor,
860 1969 926 2021 tam
948 1958 1102 2040 singulari
1123 1978 1221 2042 quam
1242 1958 1360 2041 plurali
1380 1976 1514 2021 numero

464 2070 630 2143 congesto,
666 2070 702 2122 ut
737 2056 899 2143 majestas,
935 2058 1079 2137 libertas,
1114 2068 1298 2142 tempestae,
1334 2068 1514 2143 paupertas,

465 2158 604 2237 ubertas,
633 2178 806 2237 sermones,
835 2178 1024 2239 mangones,
1049 2161 1194 2233 lenones,
1222 2158 1405 2241 predones,
1428 2178 1514 2222 mus·

465 2283 588 2339 mones,
617 2280 790 2343 caupones,
817 2280 966 2345 perones,
997 2272 1129 2339 sutores,
1151 2282 1327 2345 precones,
1356 2263 1514 2339 lurcones,

466 2363 624 2437 doctores,
664 2363 811 2440 lectores,
848 2370 992 2439 tortores,
1032 2363 1215 2439 crabrones,
1252 2383 1404 2427 mmores.
1469 2362 1515 2426 Ut

468 2464 621 2547 Prosper:

608 2569 671 2623 Non
682 2568 773 2623 faciles
784 2574 891 2641 puteant
901 2571 978 2623 sevis
988 2570 1132 2623 mmoriboa
1143 2586 1227 2623 aures

467 2668 618 2748 Romani,
631 2666 774 2746 humani,
789 2666 902 2746 divini,
917 2666 1059 2746 formosi,
1077 2666 1221 2743 frontosi,
1237 2668 1346 2744 setosi,
1365 2670 1517 2747 muscosi,

467 2771 605 2848 dumosi,
620 2768 777 2842 obscoeni,
789 2768 934 2846 cancelli,
943 2768 1080 2847 rostrati,
1090 2769 1229 2847 nervosi,
1242 2769 1382 2847 herbosi,
1396 2771 1518 2850 hirsuti,

467 2870 584 2954 rugosi.
630 2868 782 2932 Nascitur
807 2867 904 2931 etiam
928 2869 1088 2931 molossus
1112 2888 1133 2930 a
1154 2870 1321 2933 verborum
1348 2873 1519 2952 generibus

469 2984 612 3055 tempore
634 2970 792 3054 preterito
814 2970 968 3055 perfecto,
990 2979 1027 3034 nt
1049 2969 1173 3048 dixisti,
1196 2972 1323 3049 vexisti,
1346 2974 1521 3057 promisti,

470 3071 608 3154 sepsisti,
621 3070 765 3152 repsisti,
779 3069 951 3154 scalpsisti,
966 3070 1140 3153 sculpsisti,
1161 3072 1316 3153 serpsisti,
1336 3084 1370 3137 et
1392 3081 1519 3138 cutem

470 3167 691 3252 Aparticipiis
712 3189 841 3253 quoque
862 3181 927 3234 tam
947 3170 1116 3255 praesentis
1134 3171 1286 3254 temporis
1306 3193 1404 3257 quam
1423 3174 1523 3238 luturi

469 3273 543 3336 oriri
571 3271 728 3337 molossus
754 3271 966 3354 dignoscitur,
991 3282 1027 3336 ut
1056 3271 1200 3337 dicentes
1229 3271 1354 3352 dicturi,
1378 3275 1522 3340 viventes

471 3373 595 3453 victuri,
610 3383 789 3455 mergentes
809 3372 953 3452 mersuri,
967 3373 1151 3436 scindentes
1170 3373 1313 3452 scissuri,
1325 3376 1523 3457 prandentes

470 3477 626 3562 pransuri,
648 3474 818 3559 pingentes
837 3475 966 3558 picturi,
987 3473 1157 3538 tondentes
1178 3477 1311 3541 tonsuri.
1355 3478 1422 3542 Hic
1444 3497 1521 3561 ergo

472 3600 531 3664 pes
553 3577 684 3660 duplum
708 3573 875 3640 divisionis
896 3597 1042 3640 normam
1063 3575 1206 3661 partitur,
1221 3587 1254 3640 et
1266 3587 1362 3642 acuto
1384 3591 1522 3644 occentu

471 3679 711 3766 pronunciatur,
725 3687 758 3741 et
772 3677 850 3762 quia
863 3678 1044 3761 penultima
1062 3678 1196 3755 acuitur,
1210 3679 1295 3743 arsin
1314 3679 1433 3744 hebere
1451 3701 1524 3745 reor

472 3791 616 3862 tempore
630 3791 664 3842 et
677 3779 783 3844 thesin
798 3789 943 3862 quatuor.

870 3878 922 3942 Dc
937 3881 1122 3961 Artapaesto.

518 3979 560 4042 D.
585 3981 665 4052 Quae
680 3991 756 4044 sunt
770 3981 922 4065 exempla
936 3983 1142 4066 unapaesticis
1156 3983 1274 4066 regulis
1288 3985 1470 4068 mancipata
1483 4007 1522 4051 ac

475 4082 621 4167 subjecte
630 4079 735 4144 t—M.
758 4083 841 4146 Haec
858 4092 933 4147 sunt
946 4084 1079 4148 nomine
1092 4095 1256 4169 anapesto
1271 4087 1476 4170 suffragantia
1490 4098 1524 4152 et

474 4182 626 4248 concordi
637 4184 760 4247 ratione
771 4183 1008 4267 respondentia,
1018 4195 1129 4270 utpote
1140 4186 1254 4264 deitss,
1262 4188 1375 4272 pietas,
1385 4189 1524 4267 bonitas,

474 4283 611 4361 novitas,
624 4283 774 4362 brevitas,
788 4283 909 4361 levitas,
924 4283 1070 4366 gravitas,
1084 4285 1239 4369 probitas,
1253 4287 1371 4365 feritas,
1386 4287 1524 4372 species,
1647 4354 1651 4375 ἆ

476 4384 591 4463 sanies,
604 4385 735 4458 macies,
752 4384 881 4468 glacies,
895 4385 1012 4460 rabies,
1027 4385 1163 4463 scabies,
1180 4387 1288 4464 series,
1301 4389 1411 4465 iacies,
1426 4386 1523 4468 scies,

476 4495 507 4548 et
521 4484 643 4574 reliqua
657 4485 783 4549 similia.
827 4487 947 4549 Verum
967 4485 1037 4550 hec
1058 4489 1199 4570 paucula
1216 4490 1376 4571 exemplis
1395 4509 1523 4574 anapra-
