3759 5425
646 690 800 738 nrrsrom
816 694 859 737 an
874 694 1050 755 acracrurr,
1066 695 1138 741 arc.
1355 686 1420 745 808

366 839 556 921 propalavit,
572 844 772 908 articulatam
795 844 1041 925 inarticulatam,
1059 850 1215 913 literatum
1237 858 1272 915 et
1289 852 1421 917 illitera-

365 951 450 1017 tam3
474 943 619 1024 quamvis
634 944 688 1007 alii
704 944 785 1009 duas
801 968 871 1011 esse
887 949 978 1013 vocis
997 952 1125 1033 species
1139 961 1340 1029 attestentur,
1356 955 1419 1018 hoc

365 1050 415 1105 est
428 1043 628 1108 attitulatam
643 1059 677 1109 et
691 1048 873 1126 confusam3
895 1072 972 1114 nam
986 1052 1154 1117 articulata
1168 1054 1335 1118 hominum
1351 1068 1421 1119 tau-

366 1143 531 1208 tummodo
558 1156 607 1209 est
633 1145 721 1211 dicta
744 1149 832 1233 quod
856 1152 988 1215 articulo
1014 1153 1168 1217 scribenti
1191 1157 1421 1241 comprehendi

366 1245 485 1327 possit;
509 1248 642 1311 confusa
658 1258 707 1311 est
722 1271 795 1333 que
810 1253 909 1315 scribi
924 1275 989 1315 non
1006 1262 1124 1337 potest

409 1348 452 1409 D.
475 1347 586 1411 Pande
609 1350 762 1433 exempla
783 1353 873 1415 vocis
903 1356 1049 1419 confusa
1079 1354 1120 1419 de
1152 1356 1284 1421 dirersis
1314 1379 1419 1423 rerum

366 1448 487 1511 naturis
509 1452 764 1532 congesta—M.
782 1453 846 1516 Ha
861 1466 934 1519 sunt
956 1457 1082 1539 species
1105 1457 1194 1521 vocis
1216 1459 1370 1538 confusae,
1384 1470 1422 1524 ut
1476 1494 1480 1504 ·

366 1548 523 1631 majorum
552 1553 723 1617 auctoritas
754 1552 891 1617 tradidit
952 1558 1037 1621 Nam
1063 1580 1142 1641 apes
1170 1560 1337 1623 ambizant
1365 1563 1417 1625 rel

363 1652 567 1729 bombizant,
578 1655 693 1737 aquilae
708 1655 873 1737 clangunt,
883 1676 1012 1721 anseres
1024 1660 1184 1724 crinciunt
1197 1662 1247 1725 rel
1261 1661 1421 1741 trinsiunt,

366 1774 439 1816 ares
455 1753 632 1817 minuriunt
647 1756 695 1817 rel
712 1771 846 1821 vernant
861 1760 910 1821 rel
931 1760 1106 1837 vernicant,
1121 1762 1292 1846 accipitres
1307 1765 1420 1848 pipant

366 1856 417 1918 rel
432 1855 580 1939 pipilant,
595 1866 706 1920 anates
729 1860 918 1939 teretissant,
934 1862 1047 1925 arietes
1069 1863 1223 1927 trissitant
1248 1867 1297 1929 vel
1320 1866 1421 1929 blate-

368 1969 448 2034 rant,
464 1957 547 2019 asini
562 1970 682 2023 oncant
697 1961 748 2023 rel
763 1961 904 2039 mdiunt,
916 1964 984 2045 apri
999 1963 1161 2043 frendunt,
1172 1987 1262 2031 arma
1275 1978 1419 2051 crepunt,

367 2080 411 2121 ars
441 2060 547 2135 tinnit,
573 2060 728 2143 amphora
756 2064 886 2146 profusa
916 2065 1034 2143 bilibit,
1063 2068 1162 2130 boves
1191 2069 1339 2149 mugiunt
1367 2070 1420 2133 vel

365 2160 508 2237 reboant,
521 2161 666 2225 cornices
674 2164 799 2242 butant,
811 2165 904 2246 cycni
916 2165 1080 2243 desistant,
1090 2165 1213 2231 cicada
1221 2169 1420 2248 fretinniunt,

366 2261 502 2325 ciconiae
517 2262 677 2341 gratulant
691 2265 740 2327 rel
764 2265 937 2345 glottorant
959 2268 1011 2330 vel
1033 2268 1192 2346 critalant,
1208 2270 1296 2332 corvi
1318 2272 1419 2335 croci·

366 2374 434 2427 tant
454 2365 504 2426 rel
530 2376 693 2442 croccant,
709 2386 815 2450 caprae
840 2368 1017 2445 mucciunt,
1039 2389 1136 2433 canes
1160 2372 1343 2434 baubantur
1368 2374 1418 2436 rel

365 2464 483 2527 latrant
497 2466 545 2528 vel
561 2467 728 2547 ganniunt,
738 2468 835 2531 catuli
852 2468 1022 2549 glattilant,
1032 2470 1119 2531 cervi
1128 2471 1270 2553 rugiunt,
1285 2471 1416 2537 cithara

365 2578 490 2644 sonant,
506 2566 596 2629 canis
612 2566 757 2645 venatica
772 2566 915 2642 cusnitit,
931 2566 1095 2649 elephanti
1117 2568 1262 2631 barriunt
1278 2570 1327 2631 vel
1342 2571 1414 2634 atri-

366 2667 456 2746 dunt,
479 2668 554 2753 equi
580 2668 739 2744 hinniunt,
764 2666 836 2731 serae
863 2667 1044 2744 mussitant,
1066 2688 1161 2752 gmes
1184 2669 1347 2751 gruddant
1369 2673 1417 2736 rel

365 2782 484 2851 gruunt
506 2771 554 2834 vel
578 2771 759 2853 gmgulant,
782 2769 909 2850 gallina
934 2769 1097 2846 cacillant,
1112 2770 1188 2849 galli
1211 2782 1343 2836 cantant
1362 2775 1414 2836 vel

365 2872 560 2951 cucurriunt,
576 2873 676 2954 galvae
701 2871 902 2951 fringilliunt,
918 2872 1041 2951 graculi
1060 2872 1209 2953 griciunt,
1224 2873 1415 2939 hirundines

365 2974 532 3036 trutissant
552 2975 603 3036 vel
633 2975 772 3050 trissant,
795 2973 908 3055 hyenae
939 2972 1086 3050 hirriunt,
1116 2973 1203 3037 bardi
1224 2975 1336 3038 balant
1367 2977 1417 3038 rel

366 3076 484 3152 belant,
498 3076 627 3159 Jupiter
647 3087 737 3137 tonat
755 3077 804 3152 (ut
825 3073 944 3136 fabulae
965 3073 1105 3157 fingunt)
1121 3076 1260 3139 infantes
1276 3079 1418 3159 vagiunt,

364 3179 475 3240 leones
486 3177 634 3254 fremunt,
640 3177 753 3259 lynces
765 3176 1033 3259 hircant,lepores
1044 3177 1197 3260 vagitant,
1203 3179 1269 3262 lupi
1282 3179 1419 3255 ululant,

363 3278 458 3341 litora
483 3288 689 3352 murmurant,
712 3277 801 3340 milri
826 3275 957 3356 lugiunt
983 3278 1033 3340 rel
1056 3279 1189 3360 vigilant
1212 3281 1263 3344 vel
1285 3282 1419 3358 luriunt,

365 3378 478 3442 meruli
502 3379 666 3455 zinzitant,
690 3379 835 3441 mustela
861 3377 1023 3454 dindrant,
1047 3400 1153 3442 mures
1176 3381 1343 3445 mintriunt
1365 3383 1417 3444 vel

364 3479 523 3558 muniunt,
537 3490 664 3543 noctuae
680 3479 866 3554 cucubiunt,
883 3480 988 3541 olores
1004 3478 1192 3560 drensitant,
1207 3503 1282 3546 oves
1297 3484 1418 3560 balant,

364 3582 473 3662 onagri
489 3581 648 3664 vagillant,
664 3581 833 3663 palumbes
856 3579 1024 3657 raucitant,
1039 3601 1185 3665 passeres
1200 3582 1317 3658 titiant,
1332 3586 1417 3667 parri

364 3677 536 3768 tinnipant,
552 3685 624 3766 pari
639 3683 817 3768 paululant,
831 3680 979 3765 perdices
996 3683 1163 3760 cacabant,
1178 3683 1261 3767 pulli
1278 3695 1310 3747 et
1325 3687 1416 3769 pueri

364 3785 659 3869 pipantpantherae
667 3783 847 3862 chauriunt,
855 3782 1077 3866 pardiselinut,
1085 3785 1220 3868 porcelli
1230 3787 1418 3867 grunniunt,

364 3887 453 3969 porci
483 3886 667 3968 grundiunt,
693 3906 779 3950 ranoe
802 3897 953 3963 coaxant,
981 3887 1084 3949 sturni
1109 3886 1275 3970 parsitant,
1299 3889 1419 3954 sorices

364 3987 540 4063 denticant,
556 4000 720 4074 serpentes
735 3987 875 4062 sibilant,
886 3987 975 4050 silrae
990 3995 1146 4071 strepunt,
1158 3987 1243 4051 turdi
1258 3989 1418 4054 soccitant

365 4090 413 4152 vel
423 4090 585 4168 faccilant,
595 4087 726 4173 tigrides
734 4090 970 4164 raccant,tubae
979 4089 1159 4170 clangiunt,
1167 4088 1248 4152 tauri
1258 4089 1418 4172 mugiunt,

364 4192 503 4254 vultures
517 4191 685 4275 pionpant,
700 4190 785 4254 renti
808 4189 887 4252 flant
900 4190 951 4251 rel
973 4197 1112 4252 tremunt
1126 4191 1178 4252 vel
1192 4187 1336 4269 sibilant,
1351 4191 1417 4254 ursi

364 4301 478 4374 urgant
494 4292 542 4355 vel
558 4293 703 4370 saeviunt,
719 4291 830 4374 vulpes
846 4287 977 4373 ejulant,
993 4310 1098 4354 verres
1122 4289 1284 4375 quiritant.
1328 4292 1412 4357 Item

365 4393 510 4458 homines
519 4395 703 4478 loquuntur,
712 4391 823 4458 rustici
833 4390 987 4475 jubilant,
1000 4402 1033 4454 et
1046 4392 1172 4474 reliqua
1183 4391 1307 4455 similia.
1332 4394 1416 4458 Haec
