3759 5425
457 595 518 655 tta
724 608 835 654 nonus
850 608 895 652 nn
910 607 986 652 mus
1001 607 1117 650 aarum
1134 605 1249 654 ulum

541 763 664 827 Ultima
678 761 821 826 mortalis
836 761 953 824 clausit
965 762 1127 846 spiracula
1142 762 1227 840 vitm,

541 866 722 949 Purpureas
735 884 866 928 sumens
881 863 1011 928 Christo
1025 873 1177 947 regnante
1192 883 1335 928 coronas.

959 1235 999 1294 V.

545 1393 611 1456 Hic
627 1410 756 1476 qnoque
769 1392 914 1456 lacobus
928 1399 1035 1454 cretus
1050 1391 1195 1472 genitore
1210 1397 1337 1454 vetusto

544 1493 723 1556 Delubmm
738 1503 850 1556 sancto
866 1491 1011 1556 defendit
1023 1491 1164 1573 tegmine
1178 1490 1312 1567 celsum,

545 1594 611 1666 Qui
626 1595 783 1657 clamante
798 1594 854 1677 pio
868 1594 961 1676 ponti
975 1592 1015 1657 de
1031 1593 1172 1676 margine
1188 1591 1316 1657 Christo

544 1696 729 1779 Linquebat
742 1695 908 1779 proprium
922 1695 1031 1778 panda
1046 1716 1120 1758 cum
1135 1714 1245 1778 puppe
1259 1700 1432 1775 parentem.

548 1797 700 1862 Primitus
715 1798 881 1881 Hispanas
896 1797 1052 1860 convertit
1066 1796 1215 1877 dogmate
1230 1803 1352 1876 gentes,

546 1901 690 1963 Barbara
703 1898 820 1962 divinis
834 1911 1023 1964 convertens
1038 1899 1168 1980 agmina
1182 1897 1288 1973 dictis,

545 2001 625 2072 Quae
641 2001 765 2085 priscos
778 1999 900 2064 dudum
914 2000 995 2062 ritus
1010 2008 1041 2062 et
1055 1999 1159 2062 lurida
1171 2000 1247 2061 sana

547 2103 711 2166 Daemonis
725 2101 877 2165 horrendi
891 2100 1028 2185 decepta
1042 2098 1151 2163 fraude
1166 2100 1326 2164 colebant.

545 2203 688 2266 Plurima
701 2203 749 2266 sic
765 2203 882 2288 praesul
897 2203 1034 2286 patravit
1050 2202 1143 2284 signa
1157 2201 1347 2284 stupendus,

547 2306 627 2377 Quae
642 2325 728 2368 nunc
743 2306 777 2368 in
793 2305 910 2368 chartis
925 2304 1110 2368 scribuntur
1124 2304 1183 2366 rite
1199 2301 1371 2386 quadratis.

547 2406 647 2468 Hunc
662 2415 738 2469 trux
753 2406 914 2483 Herodes,
928 2405 1019 2488 regni
1036 2405 1209 2468 Tetrarcha
1223 2417 1386 2486 tyrannus,

547 2508 742 2572 Percussum
757 2509 907 2572 machera
921 2506 1043 2571 crudeli
1057 2515 1158 2569 morte
1169 2506 1311 2570 necavit:

546 2611 654 2682 Quem
667 2623 758 2694 pater
772 2611 933 2686 excelsus,
949 2609 1005 2693 qui
1021 2618 1151 2672 sanctos
1161 2608 1234 2693 jure
1249 2606 1434 2690 triumphat,

551 2712 653 2776 Vexit
668 2713 701 2775 in
718 2713 864 2776 aetherias
877 2712 999 2776 meritis
1015 2711 1208 2792 fulgentibus
1223 2730 1321 2773 arces.

962 3140 1020 3201 Vl.

552 3297 624 3359 Nec
639 3296 735 3359 minis
749 3297 871 3361 interea
885 3299 1077 3380 glomeratur
1091 3301 1179 3381 virgo
1193 3300 1215 3362 J
1216 3320 1336 3363 oannes

551 3400 657 3471 Quem
673 3422 823 3481 germana
837 3401 932 3466 simul
942 3402 1057 3485 junxit
1071 3402 1246 3467 concordia
1261 3402 1400 3479 Christo,

553 3501 640 3563 Dum
655 3502 794 3584 pandam
808 3503 916 3566 vetulo
930 3502 1048 3587 linquit
1062 3524 1135 3567 cum
1151 3502 1245 3565 Patre
1262 3502 1414 3580 carinam,

554 3604 691 3668 Ratibus
706 3626 870 3689 aequoreas
884 3604 1089 3670 claudentem
1104 3625 1258 3669 marmore
1273 3604 1409 3688 praedas,

554 3706 620 3777 Qui
635 3706 724 3788 prius
739 3708 855 3789 algosis
869 3708 1013 3771 verrebat
1027 3708 1144 3771 caerula
1159 3706 1267 3769 remis:

552 3806 703 3871 Piscibus
717 3808 851 3871 insidias
865 3821 998 3873 nectens
1013 3810 1073 3871 snb
1089 3810 1212 3891 gurgite
1227 3807 1331 3893 ponti,

552 3906 619 3971 Sed
635 3909 792 3971 clamante
808 3910 881 3971 Deo
895 3910 1053 3973 luctantes
1067 3910 1171 3973 littore
1184 3908 1344 3993 lymphas,

553 4010 791 4095 Retiseramque
806 4033 921 4075 navem
936 4033 1010 4075 caro
1026 4034 1099 4075 cum
1115 4014 1209 4077 fratrc
1224 4010 1385 4095 relinquit,

553 4112 599 4174 Et
615 4112 792 4175 Dominum
808 4114 952 4197 sequitur
967 4114 1041 4178 coeli
1056 4115 1111 4198 qni
1126 4126 1237 4199 regnat
1250 4116 1284 4177 in
1301 4134 1383 4177 arce.

556 4212 622 4274 Hic
638 4212 697 4274 suit
711 4214 857 4294 egregius
873 4213 992 4277 Christi
1008 4216 1170 4297 regnantis
1185 4217 1332 4279 alumnus

554 4311 715 4374 Omnibus
730 4315 879 4388 anterior,
895 4337 1012 4395 magno
1029 4316 1166 4380 dilectus
1182 4337 1299 4389 amere,

556 4414 658 4483 Quem
676 4412 749 4475 Rex
765 4427 922 4479 extorrem
939 4416 1051 4481 Romae
1068 4418 1122 4500 qui
1139 4438 1238 4500 regna
1252 4418 1394 4498 regebat,
