3759 5425
476 704 519 762 tlt
613 714 769 761 urrsroca
784 717 829 760 so
845 715 1045 760 nauaarnuu
1065 716 1297 777 exercearis,
1314 717 1384 763 arc.

474 882 522 934 ter
549 869 627 933 bino
655 869 781 934 circiter
805 889 961 932 annorum
992 869 1112 934 circulo
1143 871 1221 933 uber
1250 869 1373 955 sophiae
1403 893 1525 954 sugens

473 972 664 1050 metabatur)
690 970 837 1035 territorii
866 972 1042 1052 marginem
1073 970 1252 1036 Britannici
1283 973 1434 1056 sospitem
1465 997 1524 1060 ap-

473 1074 639 1158 plicuisse,
666 1073 869 1158 rumigerulis
901 1073 1122 1152 referentibus,
1153 1073 1388 1158 comperimus:
1431 1077 1523 1140 illico

471 1175 524 1255 (ut
557 1175 734 1259 flammiger
769 1177 971 1258 flagransque
1008 1175 1173 1258 flagitabat
1209 1177 1309 1255 amor)
1340 1176 1524 1242 ineffabiles

469 1278 645 1342 altithrono
664 1289 780 1358 grates,
802 1277 912 1359 pansis
936 1276 971 1338 in
994 1276 1081 1340 edito
1101 1277 1252 1361 utrinque
1273 1277 1366 1356 volis,
1387 1278 1522 1363 tripudi-

471 1390 564 1444 antes
592 1380 783 1443 obtulimus:
821 1378 1036 1462 potissimum,
1066 1377 1153 1461 quod
1191 1389 1222 1442 te
1252 1379 1381 1442 exulem
1418 1380 1522 1444 ulmus

472 1483 588 1546 arbiter
601 1479 743 1564 priscam
759 1479 884 1563 paterni
898 1479 1080 1543 visitantem
1100 1480 1282 1543 clientelam
1297 1481 1377 1543 ruris
1393 1481 1523 1558 (caemla

471 1582 564 1667 ponti
584 1593 672 1646 trans
691 1581 807 1663 glauci,
821 1600 1032 1666 enormesque
1053 1579 1256 1645 dodrantium
1277 1582 1400 1662 glareas
1423 1593 1520 1666 atque

470 1683 660 1768 spumiferas
678 1682 820 1765 lymphae
838 1682 988 1765 nempbae
1009 1681 1267 1765 obstirpationes,
1289 1683 1389 1746 circili
1410 1684 1520 1748 carina

468 1785 700 1870 procellossum
720 1785 867 1847 sulcante
888 1785 1006 1864 salum)
1028 1783 1192 1861 reducere,
1210 1795 1325 1846 ovante
1346 1784 1519 1863 navarcho,

471 1887 711 1970 dignatusest:
745 1893 781 1947 ut
804 1883 861 1947 nbi
887 1882 1010 1946 dudum
1034 1884 1229 1948 incunabilis
1251 1885 1389 1949 tirocinii
1411 1884 1517 1950 editus

469 1988 604 2054 rudibus
633 1985 745 2050 adulto
775 1992 870 2048 tenus
896 1985 1078 2067 pubertatis
1108 2006 1177 2048 arvo
1206 1985 1402 2064 adoleveras,
1431 2007 1519 2052 nunc

470 2113 562 2156 versa
584 2089 655 2151 vice
671 2087 821 2171 (superna
841 2087 1010 2171 opitulanti
1033 2088 1242 2170 praerogativa
1264 2087 1384 2150 affatim
1407 2089 1518 2168 fultus)

468 2194 509 2258 ab
524 2191 667 2254 incolatu
684 2188 809 2252 externi
829 2187 911 2251 ruris
927 2189 1114 2272 repatrians,
1129 2189 1336 2272 praeceptoris
1351 2189 1518 2253 vocamine

469 2293 604 2377 indepto
619 2287 796 2374 sortitoque
810 2289 910 2352 fretus
924 2289 1078 2371 fungeris.

509 2391 597 2458 Illud
611 2411 703 2474 aeque
714 2390 849 2454 almitati
862 2390 1075 2454 beatitudinis
1087 2401 1251 2456 vestraex
1263 2393 1516 2475 penetrabilibus

465 2494 635 2583 praecordii
662 2513 867 2578 nequaquam
896 2513 1048 2576 promens
1077 2491 1246 2557 dissimulo
1269 2495 1435 2578 propalare
1463 2491 1516 2569 (ad

468 2605 687 2683 augmentum,
701 2593 877 2679 mystisque
899 2605 936 2658 ut
956 2615 1029 2657 reor
1050 2593 1237 2677 tripudium,
1251 2593 1316 2658 imo
1332 2595 1373 2658 ad
1396 2594 1516 2658 doxam

469 2700 628 2766 onomatis
651 2697 756 2782 Kyrii)
782 2716 978 2781 magnopere
1008 2696 1199 2761 inolevisse:
1235 2695 1326 2781 quod
1353 2696 1517 2780 praeconio

469 2803 551 2868 citra
564 2798 696 2863 modum
717 2799 852 2862 rumoris
867 2797 997 2862 Scotino
1019 2797 1054 2860 in
1074 2798 1144 2861 solo
1163 2795 1349 2881 degentium
1366 2798 1514 2881 (quonam

469 2901 681 2970 contubernio
705 2920 876 2984 parumper
904 2900 1002 2963 fretus
1027 2899 1072 2975 es)
1102 2918 1162 2962 ceu
1188 2900 1352 2963 tonitruali
1376 2896 1516 2983 quodam

466 3007 566 3069 boatu
576 3003 698 3083 fragore
709 3000 859 3064 nimboso
867 3000 1054 3082 emergenti,
1066 2999 1195 3064 auditus
1204 3001 1304 3063 nostri
1315 3000 1516 3085 quatiuntur:

468 3117 502 3169 et
521 3126 580 3188 per
597 3110 646 3165 tot
666 3112 820 3183 tantaque
835 3102 959 3166 telluris
982 3100 1086 3165 stadia
1106 3102 1256 3165 lectionis
1278 3102 1402 3185 opinio,
1424 3086 1519 3185 pagis

467 3204 705 3291 provinciisque
725 3201 898 3284 divulgata,
913 3205 1093 3269 crebrescit.
1138 3204 1304 3288 Siquidem
1327 3213 1391 3268 tam
1406 3205 1519 3269 creber

467 3318 591 3372 meatus
606 3316 655 3369 eat
670 3304 777 3382 (istinc
791 3305 956 3390 illincque,
971 3307 1054 3370 istuc
1070 3307 1225 3391 illucque)
1242 3304 1392 3387 navigero
1407 3326 1517 3389 requo-

467 3431 538 3474 reas
560 3406 741 3471 fretantium
768 3406 850 3469 calle
875 3408 1025 3490 gurgites,
1050 3408 1137 3470 velut
1162 3406 1310 3489 quaedam
1334 3406 1519 3471 contribula

468 3512 575 3597 apium
591 3506 783 3593 gennanitas
804 3519 916 3573 nectar
928 3510 1017 3573 fabre
1034 3507 1285 3572 conficientium.
1331 3508 1416 3571 Nam
1439 3528 1517 3591 que·

466 3609 672 3679 madmodum
687 3609 875 3687 alternatim,
889 3611 1056 3694 reciproca
1075 3610 1252 3675 facessente
1268 3610 1374 3673 noctis
1387 3610 1519 3687 nebula,

467 3716 677 3781 mellifluuum
693 3731 829 3776 examen
846 3712 1038 3794 (emergente
1054 3730 1114 3775 axe
1129 3722 1223 3775 tenus
1237 3712 1356 3775 aethere
1371 3710 1512 3787 'litanarl

468 3814 669 3899 gliscentium
699 3812 841 3875 culmina
869 3813 1009 3876 tiliarum
1046 3834 1104 3897 per
1132 3812 1310 3891 florulenta,
1340 3811 1382 3875 ad
1411 3820 1515 3875 crates

467 3916 615 4001 graciles,
636 3914 842 3991 sarcinatum,
868 3915 951 3979 flava
976 3915 1124 4000 bajulans
1151 3916 1330 3995 gestamina
1354 3924 1516 3997 asportan

466 4018 580 4085 eodem
603 4015 713 4091 modo,
737 4016 771 4078 ni
800 4016 904 4096 fallor,
929 4018 1096 4081 lurconum
1122 4016 1330 4099 conglobatio
1358 4017 1515 4079 lecturum

471 4136 614 4205 (waning
649 4139 701 4180 rac
738 4120 835 4199 pprtlr)
882 4138 920 4180 ac
964 4115 1092 4180 residua
1136 4138 1238 4199 sagax
1282 4114 1514 4198 discipulorum

466 4236 602 4296 caterva,
626 4220 779 4301 florigeris
800 4216 1026 4300 hagiographae
1048 4236 1089 4279 ex
1111 4216 1205 4290 arvis,
1221 4236 1287 4279 non
1308 4216 1411 4279 solum
1431 4225 1515 4279 artes

465 4320 690 4412 grammaticas
726 4330 821 4401 atque
851 4317 1061 4398 geometricas
1096 4316 1148 4380 bis
1176 4326 1345 4401 ternasque
1382 4316 1516 4380 omissas

464 4424 609 4514 physicae
635 4420 710 4483 artie
733 4418 917 4483 machinas:
950 4416 1095 4501 quinimo
1118 4417 1300 4499 allegorica
1325 4416 1452 4499 potiora
1476 4438 1514 4479 ac

465 4522 672 4612 tropologica
688 4516 913 4600 disputationis
929 4518 1081 4600 bipertita
1104 4517 1155 4581 bis
1175 4519 1303 4582 oracula
1319 4516 1516 4593 (aethralibus
