3759 5425
672 747 1074 805 arrsronaaoacracrurr‚
1092 747 1162 794 rrrc.
1380 735 1443 794 219

390 903 578 966 auctoritate
598 901 792 980 edocemur;
825 912 861 964 ut
879 912 931 965 est
947 900 1047 964 illud:
1086 901 1139 966 Da
1163 909 1284 985 partem
1311 898 1362 964 his
1386 901 1441 984 qui

391 1014 515 1087 septem
530 1014 613 1068 sunt.
659 1002 724 1068 Sed
747 1016 779 1067 et
797 1002 883 1066 idem
902 1003 1143 1067 tabemaoulum
1164 1003 1312 1080 Eleazar,
1327 1002 1443 1066 summi

391 1104 600 1188 pontificatus
618 1105 721 1168 insula
743 1105 909 1188 praeditus,
928 1105 1046 1188 septies
1070 1104 1243 1188 aspersisse
1265 1103 1381 1185 legitur
1402 1101 1443 1166 de

391 1206 548 1286 sanguine
585 1207 713 1270 bucule
750 1206 827 1270 rofre
858 1205 958 1290 juxta
986 1205 1081 1269 ritum
1119 1204 1379 1270 ceremoniarum
1409 1203 1443 1266 in

391 1305 614 1370 holocaustam
628 1317 849 1371 concrematas.
893 1305 995 1389 Cujus
1010 1306 1154 1369 cinerum
1168 1304 1321 1390 reliquias
1332 1303 1375 1367 ad
1385 1325 1445 1368 ex·

391 1406 568 1489 phtionem
590 1408 759 1472 Israelitioi
779 1408 895 1492 populi
920 1407 1077 1491 prolicere
1100 1426 1240 1490 superna
1261 1403 1444 1490 spoponde-

391 1518 467 1571 mnt
480 1509 619 1572 oracula.
663 1508 922 1572 Gloriosissimus
944 1507 1040 1572 etiam
1062 1527 1172 1590 regum
1195 1507 1252 1590 qui
1273 1515 1445 1589 antequam

392 1608 504 1691 primae
514 1608 690 1672 nativitatis
699 1609 860 1673 cunabula
871 1620 1079 1692 cognosceret
1089 1609 1161 1692 ipso
1172 1607 1293 1691 proprii
1306 1607 1446 1670 nominis

393 1711 553 1774 vocabulo
581 1711 645 1794 pier
672 1711 765 1794 pacis
800 1711 958 1794 praesagia
987 1731 1053 1774 non
1081 1710 1241 1774 immerito
1271 1709 1447 1793 figuraliter

395 1812 551 1891 gestabat,
579 1813 744 1875 solennem
774 1812 898 1875 delubri
935 1813 1139 1876 festivitatem
1169 1832 1242 1876 curn
1272 1811 1359 1874 omni
1388 1810 1447 1874 fre·

396 1912 527 1994 quentia
547 1912 685 1977 filiorum
709 1914 809 1976 lsrael
830 1914 872 1975 ab
894 1913 1026 1976 introitu
1052 1913 1172 1976 Emath
1195 1932 1297 1995 usque
1320 1911 1361 1974 ad
1383 1921 1446 1974 tor·

394 2024 517 2077 rentem
546 2015 690 2099 AEgypti,
711 2015 799 2079 unde
825 2016 1040 2099 Memphitica
1069 2035 1167 2097 regna
1196 2022 1359 2098 sceptrum
1387 2013 1448 2075 im·

395 2114 514 2197 pericle
542 2117 730 2197 gubemaot,
758 2128 881 2200 septem
910 2117 1024 2182 diebus
1054 2116 1239 2181 catervatim
1269 2116 1446 2179 celebrasse

396 2214 596 2294 describitur,
612 2217 711 2301 juxta
733 2218 820 2302 quod
838 2219 1021 2282 testamenti
1038 2217 1152 2282 veteris
1174 2217 1279 2280 brevis
1297 2215 1448 2299 epitoma,
1553 2247 1557 2254 ·

395 2316 459 2379 hoe
474 2331 522 2381 est
533 2319 796 2402 paralipomenon
808 2331 956 2384 testatur:
982 2318 1039 2382 sed
1048 2339 1089 2381 ne
1101 2319 1217 2401 priscae
1228 2317 1311 2397 legis
1321 2326 1446 2381 tantum

395 2417 532 2482 formula
541 2433 653 2484 uteret
661 2423 819 2504 preterita
830 2424 1019 2486 saeculorum
1031 2419 1229 2504 exemplaria
1244 2417 1445 2482 solummodo

394 2531 575 2603 perscruter
585 2534 617 2584 et
627 2523 730 2602 rimer,
739 2544 781 2586 en
792 2524 880 2587 rudis
894 2521 1098 2586 instrumenti
1114 2519 1202 2606 quod
1211 2519 1344 2584 arbitror
1358 2519 1447 2582 Deu-

394 2622 563 2685 teronomii
582 2625 846 2708 recapitulatione
872 2626 931 2687 rite
958 2623 1077 2704 signari
1100 2621 1193 2704 plura
1216 2620 1249 2682 in
1276 2619 1447 2703 propatulo

395 2724 457 2787 sita
478 2733 512 2787 et
533 2726 686 2790 concordi
707 2728 829 2791 ratione
848 2725 1075 2810 respondentia
1098 2724 1318 2805 suffragantur.
1363 2720 1449 2792 Quia

397 2826 494 2889 firrvis
518 2828 720 2892 tenebrarum
749 2830 881 2893 latebris
904 2827 1105 2892 cessantibus
1129 2835 1162 2889 et
1187 2824 1352 2887 nocturnis
1379 2841 1447 2885 um·

397 2928 526 2992 brarum
541 2931 684 2995 latibulis
705 2932 928 2997 fatiscentibus
945 2941 1056 2994 exorto
1072 2928 1264 3012 crepusculo
1279 2926 1402 2989 clarum
1417 2930 1448 2987 et

397 3048 546 3092 croceum
567 3030 782 3114 limpidissimi
808 3031 893 3095 Solis
916 3029 1015 3114 jubar
1044 3028 1120 3092 totis
1148 3038 1299 3091 tenerum
1329 3023 1449 3088 finibus

397 3128 585 3195 infunditur.
629 3134 714 3196 Nam
744 3154 834 3196 sacer
856 3132 1023 3195 Dominici
1054 3131 1193 3216 pectoris
1223 3129 1389 3193 accubitor
1418 3138 1450 3191 et

399 3240 530 3315 quartus
550 3233 692 3297 coelestis
708 3233 852 3297 Paradisi
873 3254 989 3315 gurges
1004 3253 1047 3295 ex
1070 3252 1135 3315 quo
1154 3232 1244 3312 larga
1265 3229 1371 3293 laticis
1386 3227 1451 3290 vivi

398 3333 531 3396 flumina
541 3335 722 3414 perenniter
731 3335 860 3398 roriflua
868 3334 1081 3398 inundatione
1092 3333 1258 3396 manantia
1268 3329 1449 3404 decurrunt,

399 3432 555 3515 Smyrnae,
575 3436 742 3517 Pergamo,
763 3456 801 3501 ac
820 3435 1056 3518 Philadelphiae
1071 3443 1103 3496 et
1118 3432 1241 3497 caeteris
1262 3450 1321 3512 per
1340 3430 1450 3493 Asiam

400 3533 546 3598 ecelesiis
568 3537 719 3619 septupla
740 3556 923 3601 sermonum
946 3536 1043 3599 series
1064 3534 1229 3617 scripsisse
1253 3531 1450 3615 perhibetur.

400 3638 438 3698 In
468 3636 581 3700 eodem
617 3638 826 3702 nihilominus
854 3639 1097 3722 apocalypseos
1125 3635 1289 3699 horomate
1319 3643 1452 3716 septena

400 3737 532 3820 sigillati
567 3739 739 3803 voluminis
775 3740 944 3819 signacula
979 3747 1147 3800 transactas
1184 3733 1452 3818 praefigurationis

400 3838 585 3922 mysterium
623 3838 825 3904 continentia
864 3835 1152 3922 perspicacissimis
1188 3832 1302 3896 muudi
1344 3830 1451 3896 cordis

399 3943 586 4025 aspectibus
600 3952 633 4005 et
651 3942 693 4005 ab
709 3940 798 4005 omni
818 3941 991 4004 faculenta
1009 3938 1153 4001 vitiorum
1177 3934 1303 4000 sentina
1317 3934 1452 3998 sublatis

401 4064 531 4108 cernam
542 4046 738 4125 promeruit;
759 4064 832 4126 quse
847 4044 936 4108 solus
952 4040 992 4104 de
1001 4040 1085 4104 tribu
1094 4040 1116 4104 J
1117 4039 1181 4104 uda
1191 4040 1254 4116 leo,
1264 4036 1452 4101 fortissimus

400 4147 582 4224 bestiarum,
612 4144 654 4210 ad
690 4146 809 4209 nullius
843 4165 1020 4229 pavescens
1058 4161 1238 4214 occursum,
1267 4139 1322 4222 qui
1356 4138 1453 4222 juxta

400 4246 587 4311 vaticinium
598 4244 789 4329 patriarches
800 4238 997 4326 adpraedam
1009 4238 1194 4303 ascendisse
1205 4250 1238 4300 et
1248 4235 1452 4319 requiescens

399 4348 589 4411 accubuisse
614 4352 815 4419 memoratur,
832 4341 906 4423 jure
928 4340 1108 4403 caelestium
1131 4348 1164 4401 et
1189 4335 1380 4399 terrestrium
1401 4334 1451 4398 in·

401 4450 625 4531 seruorumque
640 4456 831 4530 potestatem
846 4460 1078 4524 supergressus,
1094 4438 1214 4522 aperire
1229 4435 1403 4500 nativitatis
1418 4446 1452 4499 et

399 4550 560 4631 passionis
584 4548 795 4632 prerogativa
818 4544 930 4627 potuit.
976 4543 1060 4615 Quia
1088 4542 1158 4625 ipse
1187 4539 1304 4603 habere
1334 4536 1453 4602 dicitur
