3759 5425
475 741 516 797 aa
837 751 862 793 s.
878 750 1054 796 acuuntur
1073 751 1173 795 traua

478 903 624 980 truditur,
644 902 701 967 aed
722 905 922 986 intempeste
945 903 1049 966 noctis
1069 903 1245 966 conticinio
1266 904 1401 986 angelus
1421 901 1531 985 limpi-

476 1003 608 1067 dissimo
630 1004 713 1068 lucis
742 1003 831 1067 radio
853 1003 1063 1087 resplendens
1089 1003 1309 1067 tremebundis
1340 1000 1531 1066 custodibus

476 1107 612 1168 claustra
627 1105 763 1168 carceris
778 1127 931 1178 reserans,
941 1106 1042 1167 virum
1056 1105 1119 1168 Dei
1135 1103 1175 1167 de
1190 1104 1357 1168 latebrosis
1367 1102 1531 1165 lautumiae

477 1205 681 1288 squaloribus
711 1204 835 1287 eripuit.
890 1203 1037 1276 Quadam
1068 1203 1120 1266 die
1147 1204 1350 1286 Apolloniae,
1374 1203 1531 1266 comiter

475 1318 628 1391 carperet,
652 1307 818 1388 gentilium
843 1317 961 1370 turmas
987 1307 1237 1390 circumquaque
1260 1327 1333 1368 cum
1356 1304 1529 1368 simulacro

477 1407 717 1471 debacchantes
737 1409 916 1471 orationum
932 1407 1068 1470 vinculis
1090 1408 1183 1490 quasi
1199 1406 1348 1469 radicitus
1362 1405 1446 1467 fixas
1468 1405 1530 1467 sub

474 1510 548 1572 diro
570 1523 602 1572 et
621 1509 741 1572 torrido
759 1510 835 1572 solis
853 1518 999 1572 caumate
1022 1508 1204 1571 immobiles
1227 1528 1355 1572 manere
1374 1505 1464 1582 iecit,
1483 1525 1528 1566 ne

478 1632 615 1694 usquam
632 1623 687 1672 aut
702 1610 851 1673 aliorsum
868 1611 1001 1673 ulterius
1016 1609 1163 1692 progredi
1179 1611 1328 1672 ualentes.
1374 1607 1440 1670 Sed
1455 1628 1530 1669 cum

477 1714 709 1798 comperissent
737 1737 803 1778 rem
839 1737 897 1799 per
925 1717 1026 1779 virum
1057 1715 1120 1778 Dei
1150 1728 1282 1798 gestam,
1310 1714 1384 1776 ilico
1420 1713 1531 1776 missis

477 1815 642 1896 legatoriis
663 1815 934 1899 sposponderunt,
957 1817 982 1878 si
1003 1817 1049 1880 eis
1075 1817 1211 1879 facultas
1232 1813 1371 1878 abeundi
1391 1813 1530 1889 daretur,

477 1917 628 1980 omuibus
654 1917 767 1999 spretis
790 1917 1050 1981 caeremoniarum
1077 1917 1219 1992 cubaria,
1241 1937 1274 1979 se
1297 1915 1394 1978 fidem
1417 1915 1530 1978 catho-

477 2019 573 2082 licam
601 2016 788 2094 credituros,
810 2029 844 2081 et
865 2019 1008 2081 frivolam
1031 2017 1192 2081 simulacri
1216 2017 1352 2098 effigiem
1374 2016 1407 2078 iu
1430 2015 1531 2090 frusta

478 2120 643 2193 fracturos,
668 2130 723 2180 aut
746 2118 779 2180 in
802 2119 939 2181 favillam
965 2126 1021 2181 aut
1046 2119 1184 2181 cinerem
1210 2129 1414 2192 crematuros,
1440 2115 1530 2198 quod

477 2220 523 2281 ita
539 2229 664 2298 gestum
681 2241 784 2282 rerum
802 2209 950 2303 probavit
964 2232 1104 2283 eventus.
1151 2221 1207 2284 Lis
1222 2218 1399 2302 aliqnando
1411 2239 1529 2304 prope-

478 2321 609 2384 modum
635 2323 712 2385 satis
737 2335 869 2385 cruenta
898 2323 1068 2387 interduo
1092 2326 1250 2408 populosa
1278 2323 1473 2386 credentium
1497 2333 1531 2386 ct

479 2423 716 2488 incredulorum
737 2424 858 2506 praedia
881 2427 1059 2507 gerebatur,
1079 2427 1207 2489 fortuito
1230 2447 1307 2489 casu
1328 2425 1472 2506 contigit,
1495 2435 1531 2488 ut

480 2527 631 2609 praefatus
648 2526 692 2589 rir
707 2527 771 2589 Dei
792 2539 927 2589 armatas
945 2529 1102 2609 peltarum
1126 2526 1286 2589 testudine
1303 2536 1444 2590 catervas
1459 2525 1530 2610 jam

474 2629 608 2715 jamque
635 2627 753 2691 strictis
775 2629 983 2692 mucronibus
1006 2629 1182 2691 alternatim
1207 2649 1240 2690 se
1261 2627 1461 2712 jugulaturas
1482 2627 1532 2690 of-

481 2732 643 2807 fendisset,
673 2733 731 2815 qui
761 2753 835 2793 cum
864 2732 969 2795 verbis
998 2730 1145 2815 pacificis
1175 2731 1337 2794 confusam
1367 2730 1531 2814 utriusque

480 2835 566 2916 vulgi
582 2834 777 2896 simultatem
793 2853 984 2915 magnopere
1001 2832 1145 2913 mitigare
1159 2832 1321 2908 niteretur,
1336 2842 1369 2894 et
1384 2845 1530 2895 exortam

478 2936 611 2999 surculis
632 2936 727 2997 cunci
749 2933 971 2996 crudelitatem
993 2932 1103 2995 sedare
1125 2943 1268 3009 tentaret,
1287 2931 1417 3015 quidam
1438 2932 1531 2995 belli-

479 3056 574 3097 cosus
589 3034 746 3107 incentor,
758 3044 790 3095 et
804 3034 908 3096 fautor
922 3034 1103 3097 certaminis
1118 3054 1156 3096 ac
1170 3032 1385 3097 crudescentis
1400 3032 1534 3115 signifer
1618 3034 1621 3043 ⁴

480 3136 579 3199 duelli
608 3136 705 3197 fertur
733 3134 907 3197 bacchanti
937 3146 969 3197 et
1005 3134 1176 3198 furibundo
1206 3136 1339 3220 strepitu
1368 3136 1534 3213 restitisse,

479 3237 591 3300 dicens
612 3255 646 3297 se
673 3247 781 3317 spreta
802 3256 883 3317 pace
907 3247 1071 3319 sequestra
1095 3237 1161 3299 leto
1184 3246 1276 3300 tenus
1297 3246 1532 3321 pugnaturum

480 3350 557 3402 tuuc
579 3347 710 3400 sanctus
731 3348 850 3421 optata,
871 3339 986 3421 iuquit,
1008 3339 1067 3401 tibi
1085 3339 1189 3401 verbis
1211 3339 1336 3401 fortuna
1356 3338 1532 3418 contingat.

481 3441 614 3506 Caeteris
640 3440 725 3502 enim
751 3441 859 3503 violati
889 3441 1019 3505 soederis
1043 3443 1164 3506 clasma
1192 3439 1392 3505 concorditer
1418 3461 1534 3504 recon-

481 3544 677 3620 ciliantibus,
699 3543 787 3606 solus
812 3544 958 3607 ultricem
982 3556 1122 3608 cruentae
1144 3544 1254 3607 mortis
1277 3543 1451 3606 vindictam
1474 3564 1533 3606 ex·

481 3645 596 3708 solves.
635 3644 771 3726 Insuper
784 3642 958 3707 nefandum
975 3644 1111 3707 cadaver
1124 3636 1341 3728 nequaqnam,
1352 3653 1388 3706 ut
1401 3654 1535 3708 caeteros

481 3747 642 3822 mortales,
665 3743 827 3828 sepulchri
857 3744 1075 3829 sarcophagus
1103 3752 1255 3826 receptet,
1281 3744 1337 3807 sed
1367 3746 1532 3807 volucrum

481 3848 592 3910 rostris
613 3848 782 3919 laceratus,
805 3856 838 3909 et
857 3846 1030 3908 bestiarum
1049 3846 1183 3909 rictibus
1204 3866 1350 3909 corrosus
1370 3846 1534 3909 communi

481 3948 646 4029 sepultura
668 3946 804 4009 carebis.
849 3947 901 4009 lta
922 3966 996 4009 rero
1021 3956 1153 4009 cruenta
1174 3947 1238 4010 fors
1260 3946 1377 4026 evenit,
1398 3958 1433 4009 ut
1455 3946 1533 4010 Pro·

481 4048 630 4131 pheticus
652 4069 756 4111 sermo
773 4047 934 4130 predixit.
980 4049 1140 4132 Tempore
1160 4050 1312 4133 quodam,
1332 4070 1404 4113 cum
1426 4069 1534 4113 sacro·

481 4160 593 4214 sancta
613 4151 773 4233 paschalis
794 4151 967 4215 solennitas
987 4152 1070 4216 intra
1092 4155 1237 4237 speleum
1260 4154 1482 4231 celebraretur,
1503 4165 1535 4217 et

481 4255 589 4335 plnres
609 4252 651 4315 ad
673 4253 730 4315 viri
747 4253 810 4315 Dei
832 4254 1020 4336 speluncam
1037 4256 1123 4318 velut
1143 4276 1280 4317 examen
1300 4254 1340 4317 ad
1361 4254 1534 4318 alvearium

480 4376 540 4437 pro
563 4354 731 4417 festivitate
763 4354 990 4439 frequentanda
1013 4357 1156 4421 certatim
1186 4357 1447 4439 glomerarentur,
1470 4378 1535 4440 qun

481 4464 609 4539 peracta
624 4455 725 4517 solitae
740 4455 930 4537 frugalitatis
947 4456 1086 4539 dapibus
1103 4458 1301 4537 saginantur,
1314 4456 1349 4520 id
1364 4468 1422 4533 est,
1437 4458 1534 4521 siccis

480 4569 512 4624 et
541 4556 687 4639 pauculis
716 4578 837 4639 panum
868 4558 1029 4636 crustulis,
1059 4571 1090 4621 et
1126 4560 1192 4621 sale
1224 4558 1359 4641 aspersis
1389 4560 1535 4623 holerum
