3759 5425
650 744 805 793 snrsross
820 746 864 791 ao
879 748 1056 808 acinctus,
1072 750 1142 797 erc.
1362 738 1425 798 287

375 899 463 963 sticis
478 900 688 981 congruentia
707 900 884 964 sufficiant:
909 902 985 985 quia
999 902 1040 965 de
1054 901 1217 985 proedictis
1231 906 1428 983 nominibus,

375 1019 446 1083 quae
469 999 504 1062 in
526 999 687 1063 tribracho
710 1000 943 1081 congessimus,
965 1013 1148 1087 anapaestus
1169 1004 1311 1086 legitima
1332 1028 1429 1088 gene·

373 1109 470 1177 ratur,
496 1108 560 1165 tam
592 1100 745 1182 genitivo,
772 1101 892 1183 dativo,
918 1112 951 1167 at
981 1105 1120 1168 ablativo
1150 1104 1304 1187 singulari
1332 1128 1429 1192 quam

373 1201 583 1279 nominativo,
612 1202 808 1281 accusativo,
833 1205 990 1282 vocativo,
1015 1216 1049 1268 et
1077 1206 1216 1271 ablativo
1245 1208 1374 1291 plurali,
1400 1207 1428 1273 si

372 1303 550 1369 masculina
564 1324 621 1367 seu
637 1301 800 1367 soeminina
814 1304 931 1369 fuerint
944 1304 1056 1388 primae
1071 1314 1106 1369 et
1119 1306 1269 1371 secunda
1285 1307 1427 1373 declina·

372 1404 480 1481 tionis,
502 1413 538 1468 ut
560 1404 680 1482 anima,
702 1404 822 1489 aquila,
844 1404 973 1489 pedica,
993 1406 1131 1470 hedera:
1164 1407 1240 1471 item
1264 1407 1426 1483 domiuus,

372 1502 491 1583 radius,
506 1505 640 1569 catulus
689 1504 856 1569 Neutralia
876 1515 984 1570 autem
998 1508 1055 1571 illa
1074 1506 1108 1570 in
1129 1507 1282 1591 singulari
1297 1508 1428 1593 quidem

371 1626 504 1669 nurnero
527 1626 586 1688 per
610 1604 741 1671 eosdem
766 1625 859 1670 casus
883 1619 1049 1691 anapaesto
1076 1608 1284 1687 concordant,
1309 1608 1368 1673 sed
1392 1608 1427 1673 in

370 1706 484 1790 plurali
514 1707 661 1790 exceptis
686 1705 794 1771 dativo
821 1718 853 1771 et
878 1708 1020 1773 ablativo
1045 1707 1242 1773 discordant.
1288 1712 1332 1773 At
1354 1730 1428 1774 vero

373 1816 484 1891 quarta
510 1806 686 1872 declinatio
711 1808 840 1872 casibus
867 1808 1039 1893 discrepat,
1060 1818 1097 1873 ut
1119 1810 1252 1887 sonitus,
1274 1811 1428 1888 fremitus,

373 1908 522 1989 gemitus,
535 1909 668 1990 rugitus,
683 1908 814 1987 reditus,
828 1908 962 1973 ruditus.
993 1912 1099 1974 Verba
1114 1922 1220 1975 autem
1236 1922 1301 1975 tam
1315 1910 1427 1995 primas

373 2009 444 2093 conj
450 2010 609 2090 ugationis
624 2031 723 2094 quam
742 2011 854 2089 tertiae,
870 2032 943 2096 quae
962 2011 996 2074 in
1016 2011 1178 2075 tribracho
1192 2011 1429 2095 proposuimus,

373 2110 502 2194 quando
525 2109 566 2175 ad
589 2110 844 2194 significationes
865 2112 1109 2196 participiorum
1132 2111 1319 2195 rediguntur
1341 2113 1427 2177 solu-

372 2210 459 2274 tione
480 2211 601 2273 ultimae
623 2211 754 2294 syllabae
774 2212 809 2274 in
830 2233 887 2276 ans
907 2212 1018 2276 autin
1038 2232 1107 2290 cns,
1122 2211 1278 2296 anapesti
1298 2211 1427 2295 legibus

372 2310 431 2373 rite
453 2310 702 2389 famulabuntur,
724 2320 761 2375 ut
781 2332 964 2389 numerans,
983 2313 1136 2393 rogitans,
1155 2314 1331 2390 maculans,
1352 2332 1426 2394 pro-

373 2430 500 2493 perans,
516 2411 676 2475 dubitans.
722 2412 805 2477 Haec
822 2432 896 2475 varo
911 2410 952 2475 de
967 2413 1078 2475 tertia:
1101 2413 1312 2487 remanant:

616 2516 703 2588 pulcro
715 2519 823 2571 veniens
835 2518 862 2570 in
874 2534 980 2589 corpore
991 2517 1085 2570 virtus:

371 2612 504 2689 faciens,
515 2610 654 2696 rapiens,
665 2614 809 2697 capiens,
820 2614 958 2695 fugiens,
969 2625 1131 2690 metuens;
1152 2613 1424 2695 ntinGeorgicis:

515 2718 574 2772 Hoc
586 2724 706 2772 metuens
718 2719 777 2772 coeli
789 2735 891 2772 mensas
903 2724 931 2772 et
942 2719 1029 2772 sidera
1040 2736 1123 2772 sarra.

373 2816 472 2878 Porro
487 2816 581 2878 verba
600 2815 750 2879 secundas
771 2813 1020 2900 conjugationis,
1036 2836 1109 2900 quae
1123 2816 1158 2878 in
1173 2815 1331 2880 tribracho
1346 2837 1426 2901 prar-

373 2916 515 2981 diximus
541 2916 779 3000 participiorum
805 2915 1100 2998 significationibus
1125 2917 1283 2991 subnexa,
1304 2937 1426 3002 nequa-

371 3038 468 3100 quam
494 3026 669 3100 anapaesto,
692 3017 750 3081 sed
779 3018 887 3080 iambo
917 3017 1094 3102 mancipari
1123 3037 1251 3094 censeo,
1280 3016 1425 3101 quando·

372 3113 502 3202 quidem
533 3126 618 3181 statu
646 3117 883 3201 trisyllaborum
917 3115 1038 3200 pedum
1066 3116 1184 3182 amisso
1213 3115 1255 3181 ad
1283 3118 1427 3198 regulam

371 3215 602 3301 disyllaborum
624 3217 821 3299 rediguntur,
843 3225 880 3280 ut
896 3215 999 3300 jubeo
1016 3215 1149 3302 jubens,
1170 3217 1274 3282 doceo
1295 3217 1426 3296 docens,

371 3320 463 3383 caleo
479 3320 599 3396 calens,
614 3318 730 3382 madeo
746 3317 892 3394 madens,
908 3319 979 3382 oleo
995 3320 1095 3382 olens.

417 3419 458 3481 l).
481 3421 675 3502 Anapaestus
701 3437 766 3501 qua
790 3416 960 3481 divisionis
984 3418 1121 3482 formula
1147 3419 1282 3503 partitur
1304 3431 1338 3482 et
1360 3440 1426 3503 quo

370 3529 508 3584 accentu
536 3518 696 3603 profertur
708 3516 812 3581 l-M.
846 3517 966 3581 Eidem
994 3526 1160 3602 anapaesto
1191 3539 1284 3602 aequa
1312 3519 1426 3584 divisio

372 3621 537 3704 competit,
551 3620 630 3706 quia
648 3616 779 3682 totidem
802 3629 947 3700 tempora
966 3618 1046 3682 arsis
1061 3619 1124 3681 sibi
1138 3630 1281 3702 usurpat,
1295 3629 1377 3702 quot
1389 3621 1424 3683 in

372 3722 455 3787 tbesi
472 3722 684 3786 continentur.
730 3723 854 3784 Acutus
869 3739 943 3782 vero
957 3729 1111 3784 accentus
1124 3720 1159 3782 in
1175 3720 1426 3802 antepenultima

371 3821 541 3906 ponendus
555 3833 614 3900 est,
630 3819 707 3885 dum
721 3821 901 3905 penultima
914 3819 1100 3884 natrualiter
1116 3819 1295 3904 corripitur.

790 3924 842 3984 De
856 3921 1008 4003 Doctglo.

417 4025 458 4087 D.
473 4024 631 4107 Dactylus
642 4023 729 4088 unde
739 4021 931 4085 vocabulum
941 4019 1081 4083 nominis
1092 4020 1286 4102 proprietate
1297 4020 1427 4084 sortitus

370 4121 536 4188 esti-M.
574 4124 757 4188 Auctoritas
794 4122 918 4185 Graecae
956 4120 1225 4205 interpretationis
1260 4120 1425 4204 dactylum

371 4227 505 4312 digitum
521 4228 730 4310 nuncupavit,
742 4227 797 4311 qui
813 4225 914 4289 tribus
929 4223 1073 4288 arbctrlis
1087 4223 1249 4302 formatur,
1261 4224 1307 4288 sic
1322 4224 1425 4289 isdem

372 4349 431 4411 pes
445 4328 544 4392 ternis
560 4329 692 4411 syllabis
707 4328 898 4392 continetur.

417 4429 461 4491 D.
489 4428 602 4493 Dicito
633 4426 786 4510 dactylici
807 4424 901 4510 pedis
923 4425 1076 4507 exempla
1097 4423 1139 4487 ad
1161 4423 1303 4488 eundem
1332 4446 1425 4507 ragu-

374 4527 479 4592 laritar
490 4525 802 4608 magmenta-M.
822 4525 964 4588 Nomina
972 4521 1120 4607 primitus
1128 4523 1267 4587 breviter
1274 4525 1428 4608 ponenda
