3759 5425
708 717 1128 768 onmeoiausviaorsou.
1382 703 1444 764 las

478 863 524 928 Ut
538 867 636 934 castis
650 872 816 953 proprium
831 883 1023 940 conservent
1037 873 1180 938 moribus
1194 891 1318 938 aeuum:

477 966 565 1033 Dum
580 991 731 1038 connexa
744 974 833 1057 prins
849 974 1062 1042 thalamorum
1077 974 1206 1040 vincula
1219 983 1383 1058 rumpunt.

519 1067 631 1132 Tertia
645 1069 796 1152 virgineis
810 1073 961 1156 fulgescit
975 1073 1039 1138 vita
1054 1072 1204 1150 lucernis,

478 1166 580 1253 Cujus
594 1173 752 1253 praecellit
764 1174 915 1257 prefatos
929 1174 1032 1240 insula
1045 1175 1135 1240 ritus.

476 1268 638 1338 Mundani
653 1274 751 1338 luxus
767 1277 898 1342 calcans
911 1275 1051 1342 ludibria
1066 1276 1147 1340 salsa

477 1371 651 1455 lirginitns
664 1396 791 1442 summo
806 1377 957 1446 virtutum
972 1378 1090 1446 vertice
1105 1379 1198 1444 floret

476 1475 562 1540 Dum
578 1500 668 1546 soror
680 1482 846 1565 Angelicae
861 1493 988 1550 constet
999 1483 1176 1550 castissimo
1190 1482 1284 1546 vitae:

477 1581 517 1642 ln
532 1601 598 1665 qua
610 1602 676 1646 uon
691 1595 803 1666 regnet
816 1585 916 1652 fellax
930 1585 1110 1669 petulantia
1124 1583 1233 1650 saecli:

476 1679 540 1744 Sed
555 1683 665 1765 potius
679 1694 780 1754 certat
794 1707 924 1754 onmem
939 1688 1061 1756 stenem
1076 1687 1228 1754 rebellem

477 1781 623 1866 Spiritus,
638 1794 675 1852 ut
689 1795 789 1854 terres
802 1789 907 1872 possit
919 1810 1124 1874 compescere
1138 1809 1255 1868 noxas,

410 1897 414 1903 ·
477 1883 522 1946 Et
535 1885 663 1952 facinus
677 1889 833 1956 scelerum
848 1910 1003 1974 superans
1014 1889 1170 1974 explodat
1184 1889 1318 1965 inorme,

477 1984 558 2056 Quae
573 1987 762 2073 plerumque
776 1989 882 2054 solent
895 1991 1025 2056 serratas
1040 1991 1167 2058 vincere
1183 2001 1324 2056 mentes:

477 2086 660 2158 Quamlibet
674 2090 815 2157 existent
827 2090 984 2175 prndium
999 2093 1083 2160 cotis
1098 2090 1249 2158 adinstar.

477 2189 542 2253 His
556 2189 654 2270 igitur
667 2189 819 2270 gradibus
834 2191 948 2276 pandit
961 2203 1110 2275 regnator
1124 2193 1257 2277 Olympi

475 2289 567 2354 Aulae
583 2292 725 2357 coelestia
740 2294 858 2372 valvas,
873 2307 905 2362 st
921 2295 1034 2362 limina
1048 2294 1140 2362 vitree

476 2391 566 2463 Quos
581 2413 717 2460 numero
730 2415 829 2478 supra
842 2409 952 2462 ternos
961 2397 1031 2483 jam
1048 2398 1191 2466 diximus
1206 2408 1289 2462 aule.

476 2492 540 2556 His
555 2513 685 2577 quoque
700 2494 852 2564 ioecundo
866 2497 1000 2580 largitur
1014 2499 1134 2564 semiue
1150 2497 1266 2579 fruges,

477 2594 567 2666 Ques
580 2596 637 2678 pia
650 2598 797 2680 perpetui
811 2598 963 2682 predixit
977 2599 1078 2679 gloria
1091 2599 1193 2680 regni,

478 2695 621 2761 Gliscere
636 2697 750 2763 sralcsti
764 2719 821 2782 par
835 2698 984 2783 squalido
995 2699 1108 2787 jugera
1122 2699 1213 2774 riuis,

477 2798 605 2863 Sanctis
621 2810 775 2865 centenos
790 2801 974 2867 meritorum
983 2799 1057 2884 jure
1072 2798 1244 2883 maniplos,

475 2900 662 2982 Virginibus
671 2900 793 2985 jugiter
806 2901 945 2967 secunda
960 2912 1044 2967 sorte
1061 2901 1244 2986 spopondit,

477 3002 539 3074 Qui
555 3003 652 3069 falsas
666 3002 780 3069 mundi
795 3014 1006 3071 contemnunt
1021 3014 1151 3087 pectore
1165 3024 1323 3089 pompas:

477 3101 603 3167 Foetida
616 3105 779 3171 calcantes
794 3124 920 3187 spureae
934 3104 1084 3187 contagia
1099 3106 1214 3173 carnis.

475 3206 518 3268 At
532 3225 607 3269 vcro
623 3204 731 3273 decies
745 3227 841 3271 senas
855 3205 896 3273 de
907 3208 1029 3293 cespite
1044 3208 1126 3273 ruris

476 3305 598 3387 Fruges
612 3304 812 3389 deprompsit
826 3305 982 3373 emiorum
997 3306 1099 3388 gloria
1114 3306 1273 3385 Christus,

478 3408 567 3478 Quos
581 3406 708 3491 proprie
724 3407 803 3473 cesti
817 3419 953 3491 carpunt
967 3406 1008 3473 de
1022 3428 1093 3473 mro
1108 3408 1279 3489 maniplos,

477 3508 542 3581 Qui
556 3506 654 3574 modo
670 3506 873 3590 dismmpunt
887 3509 1049 3575 connubia
1063 3528 1150 3575 nexa
1165 3517 1317 3585 tororum,

476 3610 522 3673 Et
536 3609 672 3678 demunt
685 3610 832 3693 proprias
847 3608 966 3679 devota
979 3622 1086 3677 mente
1101 3611 1252 3688 latebras,

475 3709 652 3775 Mandrum
666 3711 756 3777 licita
770 3722 959 3793 spernentes
973 3710 1090 3794 gaudia
1103 3730 1241 3795 pompm.

477 3812 530 3876 Sic
547 3810 678 3876 demum
692 3810 801 3881 decies
816 3819 940 3877 metens
953 3830 996 3875 ox
1013 3830 1139 3893 aequore
1155 3810 1280 3891 garbas,

475 3913 598 3976 Ternas
612 3912 761 3994 accipiet,
776 3912 832 3995 qui
848 3910 955 3975 vincla
963 3910 1088 3995 jugulis
1103 3910 1213 3988 nectit,

476 4015 546 4079 Nec
562 4014 694 4098 penitus
707 4014 811 4079 calcet
825 4013 924 4079 licitis
939 4012 1130 4079 commercio
1144 4011 1236 4073 vitoe:

477 4115 543 4179 Sed
556 4114 662 4197 megia
674 4115 708 4181 in
722 4113 844 4179 numdo
859 4114 1004 4179 sobolem
1021 4133 1169 4193 generare
1184 4123 1350 4197 nepotum,

475 4216 730 4301 Progeniemque
744 4217 849 4283 libens
863 4226 998 4299 exoptat
1013 4215 1143 4297 gignere
1158 4214 1274 4297 stirpis.

478 4322 679 4403 Quapropter
693 4318 802 4389 cuncti
817 4339 900 4401 quos
915 4318 1057 4382 flammat
1071 4336 1147 4381 cure
1161 4315 1294 4399 pudoris

476 4422 520 4485 Et
536 4442 671 4505 qnorum
686 4419 875 4502 integritatis
889 4440 980 4485 amor
993 4418 1171 4503 praecordia
1185 4419 1311 4501 pnngit,

478 4519 628 4602 Spiritus,
642 4540 678 4585 uc
695 4530 792 4583 casta
806 4517 1004 4602 conjungant
1019 4516 1139 4585 soeders
1154 4518 1278 4593 carnis:
