3759 5425
713 690 936 739 oenomaus
952 689 1129 738 vrnoruuu.
1395 677 1456 738 los

493 841 587 907 Tunc
603 844 732 908 Helena
746 843 867 908 docens
880 865 988 927 regem
1004 865 1149 910 sermone
1164 845 1280 923 lutura,

493 949 548 1013 Sic
562 949 610 1014 ait
622 952 781 1033 Augusto,
796 950 990 1034 depromens
1004 951 1111 1016 omnia
1126 949 1248 1015 somni:

489 1051 578 1148 ‘Haec
593 1061 648 1117 tua
662 1074 790 1136 semper
803 1053 873 1131 erit,
887 1075 964 1117 nam
978 1053 1058 1116 lethi
1074 1056 1164 1118 calce
1179 1053 1310 1132 carebit,

496 1153 620 1218 Ultima
632 1154 668 1218 ni
683 1154 760 1220 diris
775 1156 977 1239 conflagrent
992 1158 1111 1221 saecula
1127 1156 1272 1222 flammis.

496 1254 644 1338 Cumque
659 1266 728 1320 toro
744 1254 825 1320 toret
839 1258 1003 1339 Augustus
1018 1258 1203 1341 perterritus
1218 1259 1282 1322 alto

492 1354 638 1419 Pallidus
652 1356 783 1438 evigilat
797 1359 903 1420 somni
916 1358 1084 1422 formidine
1102 1369 1225 1443 captus.

492 1456 676 1538 Conglobat
688 1457 723 1522 in
738 1466 857 1522 coetum
873 1457 1010 1523 disertos
1021 1470 1087 1524 arte
1102 1459 1275 1544 sophistas,

492 1558 657 1640 Gymnica
671 1558 726 1643 qui
734 1558 861 1644 jactant
875 1571 1010 1624 ventoso
1025 1559 1177 1643 dogmata
1190 1561 1273 1626 fatu:

492 1659 583 1731 Quos
596 1669 689 1740 rogat
703 1672 740 1724 ut
752 1681 857 1724 rerum
872 1661 931 1724 tibi
947 1661 1012 1726 fato
1027 1661 1158 1728 latentia
1172 1662 1308 1739 solvant,

481 1760 574 1833 ⁸,Quae
589 1758 711 1824 dudum
727 1760 762 1824 in
777 1760 883 1826 matis
898 1761 1030 1842 signant
1043 1783 1161 1829 arcam
1175 1762 1295 1839 futura3

495 1859 559 1924 Sed
573 1882 648 1924 cum
662 1861 743 1926 forte
758 1861 840 1926 nibil
855 1862 973 1926 stolido
989 1885 1135 1928 sermone
1150 1864 1321 1930 referrent:

492 1963 634 2027 Plurima
648 1961 706 2026 sed
719 1960 808 2027 falsis
821 1962 994 2028 finxissent
1007 1962 1122 2028 frivole
1137 1965 1255 2030 verbis:

494 2066 588 2130 Tunc
602 2086 661 2130 rex
675 2065 815 2147 frugales
825 2064 980 2150 jejunans
995 2067 1130 2149 castigat
1143 2077 1240 2145 anus,

492 2169 600 2252 Atque
614 2166 686 2232 dies
699 2179 822 2253 septem
837 2168 979 2234 declinat
994 2170 1114 2234 fercula
1127 2190 1275 2253 pompa3

493 2274 523 2336 A
537 2271 668 2337 Christo
683 2270 827 2334 Domino
841 2291 982 2355 poscens
997 2273 1127 2336 oracula
1140 2270 1251 2354 pandi.

494 2372 572 2434 Nox
587 2369 661 2449 ruit,
676 2380 709 2434 et
721 2379 803 2433 tetro
819 2369 974 2434 mundum
991 2368 1147 2433 velamine
1162 2370 1271 2446 vallat,

494 2474 564 2536 Nec
579 2492 646 2535 non
660 2480 693 2534 et
707 2470 806 2534 furvis
819 2481 934 2534 terram
950 2469 1175 2552 complectitur
1189 2469 1261 2544 alis,

494 2575 581 2638 Dum
597 2594 694 2658 sopor
707 2572 743 2636 in
758 2583 858 2637 strato
872 2573 997 2654 regales
1011 2580 1132 2655 ccupat
1145 2583 1242 2633 artus.

494 2676 554 2741 Cui
564 2674 727 2758 Sylvester
740 2673 796 2752 ait,
810 2671 958 2759 pandens
974 2671 1124 2754 mysteria
1137 2691 1258 2735 rerum:

492 2780 637 2855 Femina,
652 2798 748 2862 quam
764 2786 851 2841 torva
865 2776 994 2841 crevisti
1009 2777 1083 2839 luce
1099 2785 1265 2853 vetustam,

494 2881 574 2953 Quae
587 2879 648 2945 tibi
662 2879 811 2943 horrebat
824 2880 960 2941 multum
976 2878 1144 2961 squalente
1160 2888 1300 2954 senecta,

495 2982 582 3045 Urbs
597 2992 647 3045 est
663 3001 760 3065 quam
774 2981 870 3062 vulgo
887 2978 1026 3063 Byzanti
1043 2979 1172 3042 nomine
1188 2976 1316 3042 dicunt:

495 3081 790 3165 Constantinopolis
804 3091 879 3164 post
893 3080 964 3144 haec
981 3081 1135 3145 vocitetur
1147 3081 1180 3144 in
1198 3102 1318 3143 aevum:

500 3184 639 3249 Nomine
653 3204 771 3266 nempe
786 3194 842 3245 tuo
857 3191 961 3264 gestat
975 3203 1033 3265 per
1048 3181 1145 3245 saecla
1161 3182 1350 3267 triumphos.

499 3286 537 3348 In
550 3306 615 3371 qua
628 3304 791 3347 murorum
805 3283 960 3367 praecelsa
975 3284 1145 3347 cacumina
1156 3283 1330 3368 quondam,

497 3389 593 3452 Nunc
608 3394 765 3473 prostrata
779 3386 847 3449 solo
865 3394 1065 3449 veterascunt
1080 3405 1151 3448 arce
1167 3385 1270 3449 ruenti

496 3489 621 3554 Moenia
634 3498 848 3565 marcescunt,
863 3500 896 3550 et
908 3487 1154 3570 propugnacula
1168 3496 1294 3564 nutant,

496 3592 575 3664 Qua
589 3596 722 3673 quassat
736 3587 849 3666 caries,
864 3598 897 3651 et
913 3588 1030 3671 frangit
1044 3588 1128 3651 sessa
1143 3596 1295 3651 vetustas.
1399 3644 1404 3654 .

496 3691 561 3757 Sed
575 3703 607 3755 te
623 3710 814 3753 conservare
829 3710 900 3753 mea
914 3700 1075 3773 praecepta
1086 3686 1220 3771 jubebo.

497 3790 691 3875 Cornipedis
706 3790 799 3875 spina
810 3801 919 3854 rectrrs
934 3809 994 3872 per
1007 3785 1154 3872 squalida
1170 3807 1252 3865 rura,

497 3893 638 3977 Cuspide
654 3892 763 3955 vexilli
779 3894 924 3957 scrobem
940 3893 1064 3956 sulcare
1079 3901 1252 3968 memento,

492 3997 616 4061 Iabara
630 3996 677 4059 sic
692 3997 841 4078 equitans
856 4017 914 4080 per
928 4006 1044 4059 terram
1060 3989 1178 4057 trudito
1194 3990 1320 4069 dextra,

499 4099 645 4170 Quatuor
659 4095 822 4161 infindens
836 4096 960 4161 directo
976 4096 1101 4163 tramite
1117 4090 1236 4167 sulcos,

497 4199 558 4263 Per
573 4219 657 4285 quos
672 4200 785 4263 erectis
800 4213 974 4265 castrorum
991 4196 1131 4264 turribus
1146 4190 1232 4268 altis,

496 4300 620 4365 Moenia
634 4318 795 4363 murorum
811 4310 969 4365 restaures
984 4294 1120 4363 imbrice
1135 4289 1246 4356 rubra:

498 4402 537 4464 In
552 4422 619 4485 qua
633 4401 782 4479 regnabit
796 4402 916 4485 proles,
932 4404 1105 4485 prolesque
1120 4397 1290 4471 mimium,

503 4504 595 4568 Sicut
610 4499 766 4580 regnabat
780 4515 905 4587 patrum
921 4513 1094 4567 numerosa
1110 4505 1268 4569 mnaso,
