3759 5425
584 824 660 868 vrrs
676 824 851 871 annuatur
869 822 999 871 rameru
1014 822 1173 868 lucrosa.
1342 813 1402 872 ³71

348 975 520 1037 saecularia
556 974 715 1039 desideria
752 978 882 1059 turpiter
918 974 1185 1059 impudenterque
1222 978 1401 1060 cupientes,

350 1074 517 1158 utriusque
533 1079 660 1157 generis
671 1077 814 1141 Clericus
827 1078 861 1140 in
877 1076 1202 1141 ecclesiacollocavit
1249 1077 1401 1139 Misertus

347 1186 457 1236 tamen
480 1175 693 1261 Omnipotens
711 1177 805 1240 Deus
824 1177 1030 1241 Meldunensi
1046 1178 1207 1255 ooenobio,
1222 1177 1278 1260 qui
1299 1177 1401 1239 lucer·

348 1294 426 1336 nam
454 1296 546 1338 snam
574 1298 641 1340 non
670 1276 726 1340 diu
761 1278 859 1341 latere
889 1279 950 1340 sub
980 1278 1099 1356 modio,
1129 1276 1188 1341 sed
1215 1291 1252 1341 ut
1278 1278 1400 1342 luceret

349 1374 504 1437 omnibus
522 1377 641 1458 erigere
661 1378 761 1440 voluit
778 1398 875 1461 super
896 1376 1145 1453 candelabrum
1179 1398 1236 1461 per
1256 1377 1400 1441 Clericus

251 1466 260 1477 '
348 1489 428 1540 tuno
443 1475 490 1539 ibi
501 1488 745 1557 commorantes,
757 1478 951 1561 supradictis
964 1491 1071 1542 tamen
1087 1479 1267 1555 dissimiles,
1277 1489 1400 1543 tantum

349 1577 546 1652 thesaurum,
570 1598 687 1663 corpas
708 1579 832 1642 scilieet
852 1579 950 1657 illius,
978 1589 1041 1643 tam
1064 1581 1189 1661 maguis
1211 1579 1400 1643 adornatum

348 1680 530 1756 virtutibus,
544 1682 640 1743 levari
658 1680 736 1743 seuit
756 1679 797 1742 de
814 1680 1025 1763 sarcophago,
1040 1690 1073 1743 et
1088 1681 1122 1742 in
1140 1681 1258 1744 locello
1273 1680 1400 1743 honori-

347 1780 414 1844 fiee
440 1780 592 1844 collocari
615 1791 784 1863 argenteo:
816 1780 873 1843 nbi
899 1790 932 1844 et
956 1780 1102 1864 quaedam
1122 1781 1209 1843 illius
1231 1798 1338 1864 opera,
1358 1779 1398 1843 de

347 1882 433 1944 libro
451 1882 588 1959 scilieet,
601 1893 634 1946 et
650 1881 752 1958 trabe,
767 1892 800 1943 et
816 1901 929 1964 puero,
945 1891 979 1945 et
998 1882 1118 1959 casula,
1133 1882 1261 1945 laminis
1281 1880 1399 1945 auratis

346 1980 456 2045 adhue
471 1992 627 2066 apparent
640 1982 812 2065 insculpta.

391 2080 593 2165 Requierere
611 2093 717 2144 autem
736 2082 822 2145 illius
841 2082 1047 2146 sanctissima
1067 2103 1141 2147 ossa
1158 2084 1193 2146 in
1210 2082 1396 2167 supradicto

345 2184 461 2247 feretro
475 2204 532 2267 per
552 2184 709 2267 aliquanti
730 2183 883 2267 temporis
902 2184 1052 2267 spatium,
1067 2206 1236 2270 quousque
1252 2185 1286 2248 S.
1304 2185 1397 2249 Dun-

346 2294 470 2363 nanus,
480 2284 1397 2368 divinafarenteclementiarlrchipraesulatusCantuario-

343 2406 416 2448 mm
439 2385 581 2468 suscepit
608 2385 754 2461 infulam,
776 2396 810 2448 et
830 2386 998 2449 Danorum
1029 2406 1124 2469 super
1145 2386 1270 2465 Anglos
1293 2385 1395 2449 harere

346 2487 450 2571 ooepit
477 2488 607 2551 saevitia.
651 2487 715 2558 Qui
737 2488 817 2551 tanti
838 2487 896 2550 viri
917 2484 1051 2551 audiens
1079 2506 1176 2569 opera
1204 2498 1236 2549 et
1264 2484 1399 2569 perinde

346 2588 418 2672 ejus
447 2588 558 2651 crebra
593 2608 727 2651 cernens
755 2588 919 2664 miracula,
948 2588 1048 2670 eoepit
1084 2587 1176 2664 illud,
1205 2587 1397 2670 posthabitis

347 2691 483 2769 caeteris,
504 2702 645 2774 excepto
674 2713 733 2755 sno
761 2692 884 2774 inquo
908 2688 1152 2767 inthronizatus,
1175 2687 1306 2770 diligere
1333 2711 1398 2755 coe·

346 2792 493 2871 nubium,
514 2795 679 2878 multaque
707 2792 927 2856 ecclesiastico
958 2813 1099 2874 congrue
1127 2791 1254 2856 servitio
1275 2790 1396 2856 ibidem

347 2914 469 2980 ponere
484 2895 524 2958 de
545 2895 640 2959 rebus
656 2883 806 2979 propriis',
822 2914 954 2980 quarum
975 2895 1068 2976 plura
1086 2891 1247 2977 usquead
1266 2891 1301 2954 id
1316 2903 1396 2956 tem-

347 2996 434 3080 poris
453 2995 487 3058 in
506 2996 657 3059 coenobio
676 2996 855 3059 habentur:
888 2996 923 3058 in
944 2994 1062 3079 quibus
1081 2994 1175 3058 etiam
1195 2994 1398 3060 anathemata

345 3099 445 3177 illius,
466 3097 581 3182 nequis
603 3118 641 3161 ea
662 3099 826 3162 eliminare
848 3098 890 3162 ad
911 3097 1057 3162 ecelesias
1081 3097 1232 3162 murnum
1253 3096 1394 3176 auderet,

346 3200 478 3264 metrice
502 3199 658 3283 inscripta
682 3198 839 3263 videntur.
884 3201 924 3262 ln
951 3201 1079 3280 organis
1100 3199 1236 3278 scilicet,
1258 3221 1330 3285 qnae
1355 3198 1397 3263 ad

346 3303 428 3366 tanti
442 3301 547 3365 Patris
561 3301 716 3365 honorem
731 3301 947 3385 Archipraesul
964 3300 1108 3378 dederat,
1122 3301 1192 3364 haec
1209 3311 1284 3365 sarnt
1299 3301 1397 3364 aeneis

347 3406 447 3468 literis
461 3405 625 3485 assignata
639 3404 797 3467 carmina:

486 3507 741 3576 Organadosanetu
753 3507 854 3562 Praeml
865 3505 1153 3570 DunsiauusAdelmo,

487 3593 586 3655 Perdat
596 3593 639 3646 hie
650 3599 784 3659 aeterum
796 3593 841 3663 qni
851 3592 909 3646 vult
918 3593 980 3646 hine
991 3591 1092 3657 tollere,
1104 3608 1223 3660 regnam.

347 3693 387 3754 ln
402 3689 560 3774 hydriola,
574 3709 681 3774 quam,
696 3699 732 3752 ut
749 3688 908 3754 lsmistris
929 3689 1037 3753 altaris
1055 3687 1220 3772 lympham
1236 3685 1394 3766 funderet,

348 3791 495 3856 fabricari
509 3793 639 3870 iecerm,
652 3791 725 3858 hoee
743 3790 881 3855 vidimus
895 3791 1027 3855 metrice
1042 3790 1179 3872 scripta:

490 3895 644 3966 Hydriolam
654 3895 722 3949 hano
733 3894 808 3948 fundi
820 3895 942 3948 Dunatau
954 3894 1123 3948 mandaverat
1134 3893 1228 3947 Arohi·

489 3980 589 4035 Pramt
600 3986 629 4036 ut
640 3982 668 4034 in
679 3979 777 4051 templo
788 3986 877 4033 saneto
889 3980 998 4033 serviret
1009 3978 1130 4033 Adalmo.

348 4081 386 4144 In
417 4079 619 4162 campanula,
645 4099 718 4162 quae
747 4087 855 4141 aurata
884 4077 916 4139 in
939 4076 1105 4140 refectorio
1136 4074 1248 4159 majori
1279 4096 1396 4139 mensas

348 4180 545 4265 praeminet,
561 4180 700 4243 obrizeis
714 4177 828 4260 figuris
844 4179 905 4242 hoc
920 4179 1111 4263 impressum
1127 4175 1282 4240 vidimus:

487 4285 606 4356 Elysiam
616 4283 676 4338 omli
686 4299 818 4352 nunquam
828 4282 970 4336 venundat
981 4282 1015 4334 ad
1027 4281 1124 4344 aulam,

489 4371 544 4435 Qui
554 4370 623 4424 serat
632 4371 699 4423 harre
711 4368 799 4422 nolam
809 4367 926 4422 Aldelmi
937 4368 970 4420 de
981 4367 1044 4422 sede
1056 4367 1137 4420 beati.

347 4470 413 4536 Sed
439 4481 473 4534 et
495 4469 559 4534 alia
587 4469 634 4533 ibi
656 4469 759 4552 signa,
781 4487 854 4549 quae
876 4488 896 4530 a
917 4467 957 4530 B.
981 4466 1153 4528 Dunstano
1180 4463 1395 4547 quadragenis

346 4572 437 4636 libris
451 4583 560 4654 empta
578 4571 677 4634 suere.
721 4570 819 4632 Plura
833 4588 963 4653 quoque
984 4565 1072 4631 dedit
1092 4565 1165 4643 aha,
1180 4585 1285 4650 quaea
1304 4568 1398 4631 nobis

825 4686 920 4747 abt
