3759 5425
967 706 1048 762 94
1239 718 1547 765 snsrou
1583 721 1670 765 An
1703 719 2103 766 sanrmnuu
2137 719 2223 765 nx
2256 721 2614 781 ursanum,
2650 723 2792 768 arc.

963 874 1365 956 ingressurus
1391 873 1745 958 tripudium
1773 895 1814 938 a
1839 884 2164 958 prosatore
2195 877 2307 957 pio
2338 888 2788 959 promereatur.
2869 872 3071 942 Unde

960 975 1477 1060 psalmigraphus
1520 985 1716 1054 vates,
1750 976 1836 1040 ob
1874 975 2003 1038 hoc
2042 971 2316 1058 proprioe
2358 976 2597 1059 piaculi
2641 978 2916 1060 expians
2950 977 3072 1040 fla·

962 1079 1187 1162 gitium
1216 1078 1652 1155 conscientiae,
1682 1098 1864 1141 sacro
1893 1076 2203 1161 praesagio
2235 1097 2418 1141 orsus
2447 1077 2627 1142 infit:
2674 1079 2712 1111 “
2734 1079 2779 1141 J
2782 1078 3072 1143 ustitiam

963 1193 1138 1245 tuam
1167 1200 1298 1243 non
1328 1179 1700 1256 abscondi,”
1727 1189 1794 1243 et
1819 1179 2085 1263 reliqua.

1046 1281 1178 1345 Sed
1205 1280 1349 1345 haec
1380 1281 1667 1344 misellus
1698 1280 2049 1344 homuncio
2092 1278 2399 1344 dictando
2429 1283 2720 1358 volvens,
2754 1281 3070 1364 scrupulo

957 1384 1227 1470 ancipiti
1245 1383 1574 1465 extemplo
1593 1381 1888 1465 quatiens
1905 1401 1985 1444 an
1991 1381 2219 1460 gebar;
2250 1402 2384 1456 cur,
2407 1382 2698 1465 inquam,
2722 1381 3072 1458 Hibernia,

958 1510 1088 1574 quo
1119 1483 1494 1550 catervatim
1520 1482 1713 1546 istinc
1741 1483 2015 1544 lectores
2059 1482 2378 1547 classibus
2398 1483 2664 1549 advecti
2707 1484 3068 1561 confluunt,

957 1584 1272 1653 ineffabili
1302 1582 1582 1669 quodam
1611 1582 1949 1666 privilegio
1979 1586 2314 1663 efferatum
2363 1608 2439 1650 ac
2473 1587 2527 1650 si
2556 1587 2731 1664 istic,
2760 1586 3068 1651 faecundo

956 1686 1307 1754 Britanniae
1336 1685 1407 1747 in
1452 1683 1717 1766 cespite,
1749 1683 2063 1749 didascali
2100 1688 2322 1770 Argivi
2369 1690 2726 1755 Romanive
2777 1691 3067 1764 Quirites

957 1788 1220 1875 reperiri
1277 1784 1540 1849 minime
1598 1796 1862 1868 queant,
1910 1788 2022 1872 qui
2080 1789 2366 1853 coelestis
2423 1791 2654 1854 tetrica
2707 1793 3066 1855 enodantes

956 1890 1372 1958 bibliothecae
1421 1887 1820 1971 problemata
1874 1887 2096 1953 sciolis
2139 1912 2415 1956 reserare
2465 1913 2533 1956 se
2579 1893 3062 1958 sciscitantibus

958 1995 1232 2057 valeant·
1320 1987 1631 2063 Quamvis
1687 1987 1857 2050 enim
1914 1991 2294 2072 praedictum
2354 1994 2693 2059 Hibemiae
2751 2016 2880 2073 ωε,
2928 1994 3060 2059 dis·

961 2093 1246 2159 centium
1302 2091 1575 2175 opulans
1630 2110 2053 2175 vernansque,
2111 2105 2182 2157 ut
2238 2094 2330 2158 ita
2392 2095 2690 2172 dixerim,
2747 2117 3060 2182 pascuosa

958 2191 1410 2258 numerositate
1445 2191 1777 2269 lectorum,
1806 2193 2346 2275 quemadmodum
2387 2199 2525 2281 poli
2556 2199 2851 2263 cardines
2880 2200 3060 2263 astri-

956 2295 1107 2361 feris
1133 2290 1509 2358 micantium
1540 2301 1847 2355 ornentur
1860 2293 2326 2361 vibraminibus
2356 2296 2668 2363 siderum:
2715 2312 2814 2363 ast
2841 2308 3053 2364 tamen

958 2396 1236 2463 climatis
1265 2393 1602 2459 Britannia
1628 2393 1890 2458 occidui
1917 2396 1986 2457 in
2017 2407 2307 2462 extremo
2338 2399 2535 2462 ferme
2567 2401 2742 2464 orbis
2771 2401 3058 2481 margine

958 2501 1083 2566 sita
1112 2497 1314 2575 (verbi
1353 2495 1581 2579 gratia)
1617 2516 1743 2559 ceu
1788 2496 1959 2560 Solis
1996 2501 2374 2584 flammigeri
2415 2514 2480 2569 et
2519 2504 2848 2568 luculento
2883 2504 3055 2566 lunae

958 2601 1310 2690 specimine
1352 2597 1672 2683 potiatur3
1737 2597 1808 2661 id
1848 2610 1967 2677 est,
2009 2599 2359 2668 Theodoro
2399 2604 2607 2669 infula
2639 2605 3055 2688 pontificatus

957 2704 1270 2791 fungenti,
1312 2703 1395 2767 ab
1446 2702 1592 2786 ipso
1640 2699 1936 2765 tirocinio
1980 2703 2485 2770 rudimentorum
2529 2707 2597 2770 in
2644 2707 2800 2771 flore
2845 2704 3054 2792 philo-

955 2809 1244 2894 sophicae
1271 2804 1422 2869 artis
1451 2803 1700 2879 adulto;
1746 2824 2001 2868 necnon
2026 2816 2090 2868 et
2118 2805 2405 2888 ejusdem
2437 2807 2792 2872 sodalitatis
2822 2809 3052 2874 cliente

956 2909 1241 2974 Adriano
1285 2905 1605 2969 duntaxat
1655 2905 2014 2969 urbanitate
2062 2908 2397 2971 enucleata
2440 2908 2849 2975 ineffabiliter
2886 2930 3048 2995 prae·

953 3010 1110 3074 dito.

1036 3112 1131 3175 Et
1170 3108 1479 3175 audacter
1526 3109 1590 3171 in
1637 3111 1984 3193 propatulo
2030 3117 2419 3188 contestanS,
2464 3112 2704 3194 pellaci
2759 3112 3049 3176 falsitatis

953 3213 1180 3277 frivolo
1235 3211 1558 3291 neglecte,
1610 3231 1797 3295 aequa
1852 3211 2136 3275 veritatis
2191 3230 2467 3274 censura
2514 3212 2863 3275 trutinante
2920 3210 3050 3275 dis-

955 3335 1252 3392 cernam3
1336 3310 1591 3376 etiamsi
1660 3312 1868 3375 beatae
1943 3310 2282 3376 memorice
2355 3312 2758 3391 TheodoruS,
2817 3314 3050 3377 summi

954 3414 1289 3482 sacerdotii
1350 3409 1778 3497 gubernacula
1818 3435 2070 3496 regens,
2118 3413 2621 3478 Hibernensium
2666 3417 2862 3498 globo
2918 3414 3050 3478 dis-

955 3518 1312 3603 cipulorum
1390 3513 1534 3595 (seu
1606 3536 1762 3599 aper
1831 3517 2230 3580 truculentus
2301 3517 2733 3580 Molossorum
2807 3527 3052 3580 catasta

948 3622 1241 3704 ringente
1279 3620 1573 3698 vallatus)
1605 3618 1915 3702 stipetur:
1981 3619 2206 3682 limato
2245 3618 2590 3701 perniciter
2634 3620 3050 3701 grammatico

956 3722 1146 3788 dente
1172 3721 1440 3807 (jactura
1472 3719 1796 3805 dispendii
1826 3723 2076 3801 carens)
2095 3719 2368 3783 rebelles
2391 3719 2749 3802 phalanges
2769 3720 3052 3799 discutit,

952 3837 1016 3889 et
1049 3827 1302 3909 (utpote
1345 3824 1610 3905 belliger
1642 3820 1711 3884 in
1750 3819 2105 3887 meditullio
2151 3820 2367 3903 campi
2410 3821 2692 3896 arcister,
2720 3822 3046 3904 legionum

952 3927 1381 4010 phalangibus
1411 3935 1632 4009 septus
1669 3926 2043 3989 aemulorum
2073 3921 2317 4005 spissis)
2350 3943 2506 3986 mox
2542 3923 2828 3986 nervosis
2864 3934 3049 3986 tenso

952 4030 1328 4093 lacertorum
1369 4027 1532 4090 volis
1573 4047 1745 4104 arcu,
1788 4023 2189 4109 spiculisque
2237 4044 2324 4087 ex
2361 4024 2660 4110 pharetra
2703 4026 3046 4108 exemptis,

952 4130 1076 4195 hoc
1138 4141 1256 4209 est,
1315 4128 1860 4213 chronographiae
1919 4126 2145 4211 opacis
2202 4126 2538 4211 acutisque
2612 4126 3041 4210 syllogismis3

952 4246 1157 4297 turma
1184 4230 1510 4315 supercilii
1537 4230 1743 4314 typho
1775 4240 2058 4312 turgens,
2089 4228 2326 4291 amissa
2364 4228 2668 4292 ancilium
2699 4227 3043 4305 testudine,

952 4346 1127 4415 terga
1153 4331 1400 4406 dantes,
1428 4332 1703 4396 latebras
1741 4341 2061 4395 antrorum
2105 4340 2294 4409 atras,
2323 4330 2756 4417 triumphante
2784 4331 3041 4407 victore,

952 4453 1350 4519 praepropere
1378 4443 1624 4515 petunt.

1037 4535 1185 4598 Neu
1207 4543 1418 4597 tamen
1440 4533 1580 4595 haec
1603 4531 2143 4616 philosophando,
2163 4531 2462 4597 Scoticos
2491 4533 2748 4612 sciolos,
2770 4554 3038 4616 quorum
