3759 5425
763 744 805 788 DE
822 743 986 788 Liburnus
1002 741 1184 789 VlllGlNUM.

525 893 588 957 Sed
605 893 690 958 dicto
705 895 801 959 citius
816 898 982 960 verborum
999 897 1124 980 spicula
1138 896 1243 980 peltis.

524 994 695 1078 Presbyter
710 995 859 1060 obtundit
875 999 1034 1060 moecham
1051 998 1216 1060 molimine
1230 999 1375 1074 vincens,

525 1095 629 1168 Quam
646 1099 798 1180 probrosa
813 1119 926 1161 manus
941 1097 1074 1162 strictim
1090 1098 1231 1161 tollentis
1245 1100 1396 1161 obuncat

527 1198 593 1261 Sed
609 1209 716 1262 tamen
732 1200 863 1263 antistes
878 1199 999 1262 Christi
1014 1198 1173 1262 testudine
1188 1199 1297 1276 fretus,

526 1299 655 1362 AEmula
670 1319 824 1363 saevorum
840 1299 918 1362 vitat
934 1298 1086 1380 figmenta
1100 1297 1238 1363 viromm

526 1399 664 1463 Delituit
679 1400 766 1462 senis
781 1419 941 1463 annorum·
952 1400 1108 1477 cursibus,
1123 1413 1214 1464 extra

527 1498 681 1562 Cistemae
697 1501 852 1564 latebram
867 1499 1070 1564 descendens
1084 1523 1185 1586 usque
1200 1503 1409 1587 profundam:

530 1598 609 1674 Quae
625 1601 766 1684 lymphis
783 1623 882 1665 vacua
897 1602 1070 1684 praestabat
1083 1614 1169 1666 tecta
1183 1604 1293 1686 tigilli:

528 1698 605 1776 Qua
619 1704 750 1766 latuisse
765 1703 871 1766 serunt
884 1705 993 1767 lustris
1007 1706 1211 1770 volventibus
1225 1708 1342 1789 ipsum,

530 1803 681 1868 Cameret
695 1817 730 1868 ut
745 1826 902 1890 nusquam
917 1805 1095 1869 radiantem
1110 1807 1233 1870 lumine
1247 1807 1417 1870 Phoebum.

526 1909 546 1972 J
550 1907 664 1972 ustitiae
680 1929 755 1972 vero
771 1911 870 1972 solem
887 1910 1109 1993 septemplicis
1124 1911 1243 1990 aethrae,

529 2008 631 2084 Quem
647 2032 738 2074 sacra
752 2032 809 2094 per
820 2011 926 2074 biblos
942 2010 1111 2096 descripsit
1124 2014 1214 2077 litera
1227 2015 1343 2090 lautos,

530 2112 675 2176 Pectoris
689 2115 806 2179 intuitu
822 2114 949 2178 desistit
962 2137 1092 2180 cernere
1106 2139 1283 2202 nunquam.

573 2215 709 2280 Garrula
724 2239 809 2281 nunc
827 2219 961 2301 Babylae
977 2217 1144 2301 depromat
1158 2221 1303 2284 chartula
1317 2221 1472 2303 palmam,

531 2319 673 2382 Plurima
687 2321 849 2405 pontificis
864 2321 1011 2404 pandens
1026 2325 1186 2406 praeconia
1200 2324 1288 2398 clari,

531 2423 593 2499 Qui
610 2424 715 2505 gregis
730 2425 896 2500 excubias,
912 2436 945 2488 et
959 2427 1069 2488 caulas
1084 2427 1199 2488 vallare
1213 2425 1381 2488 bidentum

534 2525 680 2588 lmbutus
695 2525 795 2589 suerat
811 2526 995 2608 conscripto
1011 2524 1161 2608 dogmate
1176 2526 1268 2603 bibli,

531 2627 685 2691 Dirorum
701 2638 811 2691 contra
826 2649 960 2704 morsus,
974 2628 1137 2712 rictusque
1151 2629 1309 2711 luporum.

532 2730 687 2812 Princeps
700 2728 872 2812 imperium
889 2729 944 2812 qui
960 2730 1074 2792 Romae
1089 2738 1224 2792 nexerat
1237 2730 1391 2811 amplum,

534 2834 605 2895 lmo
621 2828 817 2912 triquadrum
835 2829 972 2895 discreto
986 2831 1087 2893 limite
1101 2830 1274 2894 mundum:

532 2932 606 2995 Non
622 2937 794 2993 cunctante
810 2930 910 3011 gradu
926 2952 998 2993 cum
1014 2941 1134 2994 sanctae
1149 2930 1261 2993 limina
1274 2932 1373 2993 valvae

531 3032 637 3096 Vellet
652 3030 739 3094 adire
754 3030 855 3108 ferox,
871 3033 1001 3115 stropha
1016 3032 1195 3096 stimulante
1210 3032 1399 3113 malignum,

532 3136 616 3199 Tum
632 3133 705 3217 pius
721 3134 899 3213 Augustum
916 3134 1076 3215 castigans
1092 3156 1171 3198 voce
1186 3136 1359 3217 superbum

533 3243 682 3322 Increpat
696 3238 828 3302 antistes
843 3248 1026 3322 contempto
1043 3250 1209 3304 stemmate
1222 3240 1317 3320 regis,

532 3341 613 3405 Fatu
629 3337 805 3401 defendens
821 3339 904 3402 sacri
919 3341 1078 3403 vestibula
1094 3342 1213 3425 templi.

531 3438 683 3521 Praecipit
698 3438 852 3503 audacter
866 3442 1059 3504 maculatum
1076 3440 1165 3505 carde
1180 3452 1323 3516 cruenta,

533 3539 687 3604 Absidam
703 3540 849 3603 ecclesiae
864 3540 962 3623 pullis
976 3563 1041 3605 non
1057 3554 1187 3623 tangere
1202 3542 1326 3625 palmis.

534 3642 669 3705 Ducitur
683 3651 847 3722 angustam
864 3653 1059 3727 quapropter
1073 3644 1190 3727 praesul
1206 3642 1246 3706 ad
1262 3644 1379 3720 aulam,

535 3744 581 3807 Ut
595 3743 664 3805 rico
678 3742 844 3805 verborum
861 3742 968 3805 strabo
984 3764 1057 3805 cum
1073 3764 1146 3825 rege
1159 3744 1327 3826 loquatur:

533 3843 658 3927 Impius
673 3843 835 3925 extemplo
851 3842 1066 3906 venerandum
1083 3864 1195 3925 cogere
1210 3845 1316 3927 poenis

534 3943 759 4008 Christicolum
774 3943 875 4025 coepit
889 3942 1096 4007 constrictum
1112 3944 1252 4007 nexibus
1266 3944 1373 4022 arctis,

536 4046 582 4111 Ut
596 4046 735 4130 supplex
751 4058 892 4110 veterum
908 4057 1012 4110 oraret
1024 4046 1177 4129 figmenta
1192 4046 1348 4125 Deorum,

535 4149 690 4213 Delubris
705 4150 816 4213 statuis
830 4148 936 4213 libans
951 4150 1139 4213 holocausta
1152 4150 1266 4229 litaret,

429 4276 431 4279 ·
535 4246 634 4323 Quod
650 4252 765 4315 flamen
781 4250 872 4314 foelix
889 4260 924 4315 ut
938 4271 1055 4334 spurca
1069 4271 1193 4315 tenena
1206 4260 1344 4329 recusat,

529 4354 611 4441 ¹Nec
626 4352 854 4417 blandimentis
868 4352 1006 4416 inclinat
1019 4352 1103 4415 colla
1117 4350 1239 4415 sacelli.

536 4457 621 4520 Tum
636 4469 699 4521 tres
714 4457 852 4521 infantes
867 4476 1019 4538 germano
1033 4455 1154 4518 soedere
1170 4454 1310 4532 functos,

538 4552 630 4626 Quos
644 4556 719 4639 pius
732 4556 891 4619 imbuerat
905 4557 1068 4639 scripturae
1084 4555 1233 4637 dogmate
1247 4557 1375 4640 presul,
