3759 5425
768 669 812 715 ms
826 669 993 718 muninus
1006 667 1189 717 vtnuruuu.

525 818 668 886 Barbara
682 833 871 888 convertens
884 823 1039 888 doctrinis
1055 823 1185 905 agmina
1198 821 1307 888 sacris.

567 922 795 1008 Quadrupedis
811 925 901 990 vituli
917 927 1024 991 Lucas
1038 925 1191 990 formatus
1205 923 1247 988 ad
1261 922 1371 999 instar,

527 1023 653 1090 Lucida
668 1025 780 1090 divino
795 1027 922 1111 scripsit
936 1026 993 1112 qui
1007 1026 1160 1108 dogmata
1173 1027 1268 1101 libro,

526 1123 739 1209 Septuaginta
753 1140 879 1212 patrum
893 1129 1039 1193 scribens
1054 1139 1086 1192 et
1099 1128 1232 1193 nomina
1246 1135 1381 1210 septem,

526 1227 556 1289 Ε
572 1228 691 1312 quibus
701 1229 906 1314 omnipotens
919 1250 1090 1310 regnorum
1105 1229 1206 1313 gloria
1220 1226 1370 1292 Christus

526 1328 690 1413 Gignitur,
704 1343 738 1397 et
752 1343 869 1396 nostres
885 1331 1021 1417 sumpsit
1036 1331 1197 1397 cunabula
1212 1328 1327 1394 carnis.

526 1431 630 1502 Quem
647 1454 739 1498 sacra
752 1432 905 1515 virgineis
921 1434 1080 1497 ornabant
1096 1445 1180 1497 serta
1194 1429 1333 1506 coronis,

525 1533 671 1605 Quatuor
684 1546 716 1598 et
730 1533 837 1598 decies
851 1555 925 1597 cum
937 1545 1061 1616 septem
1076 1533 1205 1616 degeret
1219 1552 1331 1608 anuos,

525 1632 715 1716 Progeniem
731 1633 852 1697 domini
866 1655 1000 1698 narrans
1015 1636 1056 1699 ab
1072 1634 1194 1716 origiue
1209 1632 1322 1717 prima.

526 1734 615 1797 Dum
626 1735 725 1798 chaos
738 1736 931 1812 abstrusum,
946 1745 979 1799 et
992 1747 1122 1818 torpens
1137 1733 1283 1799 confluis
1296 1753 1399 1796 rerum

523 1833 652 1899 Tetrica
666 1835 812 1900 terrificis
825 1835 959 1899 texisset
973 1836 1070 1899 saeols
1083 1834 1227 1913 latebris,

523 1935 773 2022 Thesaurosque
787 1937 857 2022 poli
870 1946 1023 2001 reseraret
1036 1936 1127 2000 clare
1141 1946 1311 2020 patemosr

523 2036 638 2104 Donec
654 2039 801 2123 quadrati
816 2040 1011 2124 praepollens
1026 2037 1172 2103 conditor
1187 2037 1286 2114 orbis,

524 2138 656 2204 Florida
669 2141 729 2204 sub
745 2141 863 2206 nimbis
878 2141 1044 2204 formasset
1059 2140 1155 2204 saecla
1170 2139 1328 2225 supernis.

525 2238 591 2303 Hic
607 2239 751 2306 medicus
765 2241 889 2305 dudum
904 2243 1039 2305 sanabat
1054 2243 1185 2306 uulnera
1199 2242 1313 2320 carnis,

520 2343 654 2408 Putrida
668 2345 819 2408 fibrarum
834 2365 1009 2430 procurans
1022 2345 1130 2408 ulcera
1145 2345 1221 2408 t’otu.

524 2445 663 2510 Uberius
677 2446 835 2532 deinceps
849 2447 1027 2510 animarum
1045 2445 1180 2510 crimina
1195 2459 1333 2524 sontum,
1439 2517 1443 2524 ,

520 2549 567 2613 Et
580 2552 735 2614 scelerum
751 2549 886 2629 facinus,
902 2572 974 2635 quae
989 2550 1105 2614 mentis
1121 2551 1251 2613 vulnera
1263 2560 1401 2634 patrant,

521 2650 710 2737 Discipulos
720 2652 815 2716 Pauli
830 2651 995 2735 scriptura
1011 2649 1152 2733 dogmati
1168 2649 1317 2736 dempsit

521 2755 672 2839 Denique
686 2766 761 2839 post
775 2766 908 2817 mortem
923 2754 1057 2818 sacratis
1072 2754 1197 2817 ossibus
1213 2765 1304 2817 ornat

521 2854 637 2919 Sedem
654 2858 883 2937 Augustorum,
898 2876 963 2939 qua
978 2875 1063 2918 nunc
1079 2854 1265 2918 monarchia
1280 2855 1392 2920 mundi

520 2958 601 3020 Post
615 2958 727 3021 Romae
743 2956 911 3041 imperium
923 2959 983 3020 sub
1000 2957 1072 3020 coeli
1091 2957 1230 3020 culmine
1244 2972 1363 3040 regnat

562 3058 667 3122 Roma
682 3056 880 3121 sacerdotem
895 3057 1094 3121 Clementem
1111 3070 1254 3142 tempore
1269 3060 1374 3142 prisco

520 3160 645 3238 Edidit,
661 3171 694 3224 et
707 3160 825 3223 merito
836 3160 890 3223 cui
904 3160 960 3223 dat
975 3162 1145 3225 clementia
1161 3182 1297 3225 nomen:

520 3264 625 3337 Quem
641 3264 731 3327 Deus
747 3262 869 3327 aethrali
886 3262 998 3327 ditavit
1013 3264 1112 3347 gratia
1127 3262 1236 3344 gratis,

519 3367 608 3430 Dum
623 3387 658 3430 se
673 3366 815 3447 virgineo
830 3375 969 3429 servaret
983 3385 1114 3429 munere
1130 3364 1297 3428 mundum.

519 3470 593 3533 Hoc
609 3468 722 3553 genuit
735 3466 852 3551 pignus
868 3466 1009 3530 coelestis
1024 3467 1146 3530 semine
1161 3466 1268 3529 verbi:

518 3576 564 3638 Et
577 3570 767 3657 baptizandi
783 3570 894 3634 tribuit
909 3570 1070 3634 cunabula
1086 3590 1186 3645 sacra,

516 3677 631 3739 Petrus
647 3673 840 3758 Apostolicoe
856 3670 912 3755 qui
929 3672 1056 3734 culmen
1073 3669 1225 3755 praesidet
1240 3669 1333 3737 mdis.

517 3780 602 3841 Nam
618 3795 742 3840 sacrum
752 3775 871 3858 jugiter
884 3772 1049 3836 doctorem
1064 3772 1182 3854 dogma
1196 3770 1379 3848 docentem,

515 3886 620 3967 Atque
635 3900 774 3963 superna
789 3878 854 3941 Dei
869 3877 981 3941 crebro
996 3886 1158 3961 praecepta
1173 3883 1343 3948 serentem,

515 3984 706 4067 Discipulos
720 3980 796 4044 fidis
810 3978 946 4043 devotus
961 3978 1110 4062 passibus
1125 3988 1243 4061 aequat,

515 4085 659 4169 Contigit
671 4081 794 4146 idcirco
808 4082 971 4163 longaevos
987 4079 1065 4142 sorte
1079 4088 1240 4162 parentes,

514 4190 560 4252 Et
572 4184 720 4271 proprios
734 4182 853 4266 pariter
868 4200 1037 4261 germanos
1051 4179 1153 4241 risere
1169 4178 1290 4255 iratres,

513 4292 603 4363 Quos
618 4289 732 4351 Petrus
748 4285 868 4349 Christi
884 4285 989 4347 clarus
1004 4282 1144 4365 piscator
1158 4280 1192 4342 in
1209 4280 1285 4343 orbe

511 4389 649 4455 Retibus
663 4385 817 4469 angelicis
830 4396 938 4469 raptos
953 4405 994 4446 ex
1012 4403 1137 4467 aequore
1153 4378 1267 4443 muudi

512 4494 629 4558 Secum
645 4488 754 4552 felices
769 4485 810 4550 ad
827 4485 902 4549 coeli
917 4484 1020 4548 sidera
1038 4484 1125 4545 vexit
