<?xml version="1.0" encoding="UTF-8"?>
<!DOCTYPE html PUBLIC "-//W3C//DTD XHTML 1.0 Transitional//EN"
    "http://www.w3.org/TR/xhtml1/DTD/xhtml1-transitional.dtd">
<html xmlns="http://www.w3.org/1999/xhtml" xml:lang="en" lang="en">
 <head>
  <title>
</title>
<meta http-equiv="Content-Type" content="text/html;charset=utf-8" />
  <meta name='ocr-system' content='tesseract 3.04.00' />
  <meta name='ocr-capabilities' content='ocr_page ocr_carea ocr_par ocr_line ocrx_word'/>
</head>
<body>
  <div class='ocr_page' id='page_1' title='image "./operaquextantom00aldhgoog_0117.png"; bbox 0 0 3759 5425; ppageno 0'>
   <div class='ocr_carea' id='block_1_1' title="bbox 780 747 1438 806">
    <p class='ocr_par' dir='ltr' id='par_1_1' title="bbox 780 747 1438 806">
     <span class='ocr_line' id='line_1_1' title="bbox 780 747 1438 806; baseline 0.008 -5"><span class='ocrx_word' id='word_1_1' title='bbox 780 757 824 801; x_wconf 79' lang='lat' dir='ltr'>so</span> <span class='ocrx_word' id='word_1_2' title='bbox 839 758 1049 804; x_wconf 75' lang='lat' dir='ltr'>casuarium.</span> <span class='ocrx_word' id='word_1_3' title='bbox 1397 747 1438 806; x_wconf 84' lang='grc'>89</span> 
     </span>
    </p>
   </div>
   <div class='ocr_carea' id='block_1_2' title="bbox 381 910 1440 1602">
    <p class='ocr_par' dir='ltr' id='par_1_2' title="bbox 381 910 1440 1602">
     <span class='ocr_line' id='line_1_2' title="bbox 383 910 1439 994; baseline 0 -18"><span class='ocrx_word' id='word_1_4' title='bbox 383 931 518 976; x_wconf 90' lang='lat' dir='ltr'>omnem</span> <span class='ocrx_word' id='word_1_5' title='bbox 538 910 750 994; x_wconf 87' lang='lat' dir='ltr'>prophetiam,</span> <span class='ocrx_word' id='word_1_6' title='bbox 772 924 805 974; x_wconf 88' lang='lat' dir='ltr'>et</span> <span class='ocrx_word' id='word_1_7' title='bbox 822 911 930 975; x_wconf 88' lang='lat' dir='ltr'>omnia</span> <span class='ocrx_word' id='word_1_8' title='bbox 947 912 1107 994; x_wconf 84' lang='lat' dir='ltr'>mysteria,</span> <span class='ocrx_word' id='word_1_9' title='bbox 1130 911 1157 976; x_wconf 88' lang='lat' dir='ltr'>si</span> <span class='ocrx_word' id='word_1_10' title='bbox 1174 912 1310 976; x_wconf 89' lang='lat' dir='ltr'>habeam</span> <span class='ocrx_word' id='word_1_11' title='bbox 1331 912 1439 991; x_wconf 89' lang='lat' dir='ltr'>fidem,</span> 
     </span>
     <span class='ocr_line' id='line_1_3' title="bbox 381 1010 1440 1096; baseline 0.004 -20"><span class='ocrx_word' id='word_1_12' title='bbox 381 1015 433 1076; x_wconf 86' lang='lat' dir='ltr'>ita</span> <span class='ocrx_word' id='word_1_13' title='bbox 446 1020 485 1075; x_wconf 91' lang='lat' dir='ltr'>ut</span> <span class='ocrx_word' id='word_1_14' title='bbox 504 1023 632 1074; x_wconf 87' lang='lat' dir='ltr'>montes</span> <span class='ocrx_word' id='word_1_15' title='bbox 650 1010 848 1091; x_wconf 77' lang='lat' dir='ltr'>transferam,</span> <span class='ocrx_word' id='word_1_16' title='bbox 863 1024 896 1076; x_wconf 85' lang='lat' dir='ltr'>et</span> <span class='ocrx_word' id='word_1_17' title='bbox 914 1013 942 1076; x_wconf 91' lang='lat' dir='ltr'>si</span> <span class='ocrx_word' id='word_1_18' title='bbox 960 1011 1120 1076; x_wconf 80' lang='lat' dir='ltr'>tradidero</span> <span class='ocrx_word' id='word_1_19' title='bbox 1143 1032 1261 1096; x_wconf 79' lang='lat' dir='ltr'>corpus</span> <span class='ocrx_word' id='word_1_20' title='bbox 1278 1035 1384 1078; x_wconf 88' lang='lat' dir='ltr'>meum</span> <span class='ocrx_word' id='word_1_21' title='bbox 1405 1027 1440 1080; x_wconf 89' lang='lat' dir='ltr'>ut</span> 
     </span>
     <span class='ocr_line' id='line_1_4' title="bbox 382 1113 1438 1198; baseline 0.001 -20"><span class='ocrx_word' id='word_1_22' title='bbox 382 1113 527 1191; x_wconf 83' lang='lat' dir='ltr'>ardeam,</span> <span class='ocrx_word' id='word_1_23' title='bbox 540 1114 704 1178; x_wconf 85' lang='lat' dir='ltr'>caritatem</span> <span class='ocrx_word' id='word_1_24' title='bbox 725 1127 831 1178; x_wconf 89' lang='lat' dir='ltr'>autem</span> <span class='ocrx_word' id='word_1_25' title='bbox 848 1136 914 1178; x_wconf 89' lang='lat' dir='ltr'>non</span> <span class='ocrx_word' id='word_1_26' title='bbox 934 1115 1082 1194; x_wconf 87' lang='lat' dir='ltr'>habeam,</span> <span class='ocrx_word' id='word_1_27' title='bbox 1097 1115 1179 1178; x_wconf 88' lang='lat' dir='ltr'>nihil</span> <span class='ocrx_word' id='word_1_28' title='bbox 1198 1115 1277 1178; x_wconf 92' lang='lat' dir='ltr'>mihi</span> <span class='ocrx_word' id='word_1_29' title='bbox 1299 1114 1438 1198; x_wconf 87' lang='lat' dir='ltr'>prodest.</span> 
     </span>
     <span class='ocr_line' id='line_1_5' title="bbox 383 1215 1439 1294; baseline -0.001 -13"><span class='ocrx_word' id='word_1_30' title='bbox 383 1219 434 1281; x_wconf 91' lang='lat' dir='ltr'>Et</span> <span class='ocrx_word' id='word_1_31' title='bbox 461 1227 498 1281; x_wconf 88' lang='lat' dir='ltr'>ut</span> <span class='ocrx_word' id='word_1_32' title='bbox 525 1215 630 1279; x_wconf 80' lang='lat' dir='ltr'>brevis</span> <span class='ocrx_word' id='word_1_33' title='bbox 659 1215 826 1279; x_wconf 81' lang='lat' dir='ltr'>sentemiae</span> <span class='ocrx_word' id='word_1_34' title='bbox 855 1217 1023 1280; x_wconf 82' lang='lat' dir='ltr'>claustello</span> <span class='ocrx_word' id='word_1_35' title='bbox 1050 1225 1167 1280; x_wconf 86' lang='lat' dir='ltr'>cuncta</span> <span class='ocrx_word' id='word_1_36' title='bbox 1196 1215 1439 1294; x_wconf 78' lang='lat' dir='ltr'>concludantur,</span> 
     </span>
     <span class='ocr_line' id='line_1_6' title="bbox 381 1314 1440 1400; baseline 0 -18"><span class='ocrx_word' id='word_1_37' title='bbox 381 1320 504 1383; x_wconf 83' lang='lat' dir='ltr'>frustra</span> <span class='ocrx_word' id='word_1_38' title='bbox 525 1315 565 1379; x_wconf 92' lang='lat' dir='ltr'>de</span> <span class='ocrx_word' id='word_1_39' title='bbox 587 1314 654 1378; x_wconf 88' lang='lat' dir='ltr'>tide</span> <span class='ocrx_word' id='word_1_40' title='bbox 669 1314 838 1379; x_wconf 87' lang='lat' dir='ltr'>Catholica</span> <span class='ocrx_word' id='word_1_41' title='bbox 857 1315 995 1380; x_wconf 87' lang='lat' dir='ltr'>inaniter</span> <span class='ocrx_word' id='word_1_42' title='bbox 1015 1316 1176 1398; x_wconf 82' lang='lat' dir='ltr'>gloriatur,</span> <span class='ocrx_word' id='word_1_43' title='bbox 1192 1316 1247 1400; x_wconf 92' lang='lat' dir='ltr'>qui</span> <span class='ocrx_word' id='word_1_44' title='bbox 1270 1315 1389 1398; x_wconf 80' lang='lat' dir='ltr'>dogma</span> <span class='ocrx_word' id='word_1_45' title='bbox 1408 1329 1440 1382; x_wconf 89' lang='lat' dir='ltr'>et</span> 
     </span>
     <span class='ocr_line' id='line_1_7' title="bbox 381 1416 1438 1503; baseline 0 -19"><span class='ocrx_word' id='word_1_46' title='bbox 381 1421 530 1501; x_wconf 75' lang='lat' dir='ltr'>regulam</span> <span class='ocrx_word' id='word_1_47' title='bbox 545 1417 655 1481; x_wconf 79' lang='lat' dir='ltr'>sancti</span> <span class='ocrx_word' id='word_1_48' title='bbox 670 1416 756 1480; x_wconf 86' lang='lat' dir='ltr'>Petri</span> <span class='ocrx_word' id='word_1_49' title='bbox 770 1437 837 1480; x_wconf 91' lang='lat' dir='ltr'>non</span> <span class='ocrx_word' id='word_1_50' title='bbox 852 1428 998 1482; x_wconf 86' lang='lat' dir='ltr'>sectatur.</span> <span class='ocrx_word' id='word_1_51' title='bbox 1044 1416 1301 1482; x_wconf 78' lang='lat' dir='ltr'>Fundamentum</span> <span class='ocrx_word' id='word_1_52' title='bbox 1317 1419 1438 1503; x_wconf 89' lang='lat' dir='ltr'>quippe</span> 
     </span>
     <span class='ocr_line' id='line_1_8' title="bbox 382 1516 1440 1602; baseline -0.001 -17"><span class='ocrx_word' id='word_1_53' title='bbox 382 1519 547 1585; x_wconf 71' lang='lat' dir='ltr'>Ecclesia</span> <span class='ocrx_word' id='word_1_54' title='bbox 561 1529 596 1582; x_wconf 90' lang='lat' dir='ltr'>ct</span> <span class='ocrx_word' id='word_1_55' title='bbox 609 1516 848 1581; x_wconf 85' lang='lat' dir='ltr'>firmamentum</span> <span class='ocrx_word' id='word_1_56' title='bbox 871 1518 948 1582; x_wconf 88' lang='lat' dir='ltr'>fidei</span> <span class='ocrx_word' id='word_1_57' title='bbox 968 1518 1191 1602; x_wconf 85' lang='lat' dir='ltr'>principaliter</span> <span class='ocrx_word' id='word_1_58' title='bbox 1208 1519 1243 1581; x_wconf 92' lang='lat' dir='ltr'>in</span> <span class='ocrx_word' id='word_1_59' title='bbox 1258 1517 1388 1583; x_wconf 85' lang='lat' dir='ltr'>Christo</span> <span class='ocrx_word' id='word_1_60' title='bbox 1407 1531 1440 1584; x_wconf 91' lang='lat' dir='ltr'>et</span> 
     </span>
    </p>
   </div>
   <div class='ocr_carea' id='block_1_3' title="bbox 381 1619 1438 1803">
    <p class='ocr_par' dir='ltr' id='par_1_3' title="bbox 381 1619 1438 1803">
     <span class='ocr_line' id='line_1_9' title="bbox 381 1619 1438 1716; baseline -0.001 -29"><span class='ocrx_word' id='word_1_61' title='bbox 381 1631 558 1706; x_wconf 74' lang='lat' dir='ltr'>sequenter</span> <span class='ocrx_word' id='word_1_62' title='bbox 585 1620 620 1682; x_wconf 90' lang='lat' dir='ltr'>in</span> <span class='ocrx_word' id='word_1_63' title='bbox 645 1619 739 1716; x_wconf 61' lang='lat' dir='ltr'>Retro</span> <span class='ocrx_word' id='word_1_64' title='bbox 768 1619 962 1685; x_wconf 89' lang='lat' dir='ltr'>collocatum</span> <span class='ocrx_word' id='word_1_65' title='bbox 988 1640 1193 1705; x_wconf 86' lang='lat' dir='ltr'>nequaquam</span> <span class='ocrx_word' id='word_1_66' title='bbox 1217 1621 1438 1704; x_wconf 80' lang='lat' dir='ltr'>ingruentibus</span> 
     </span>
     <span class='ocr_line' id='line_1_10' title="bbox 381 1716 1438 1803; baseline 0.001 -20"><span class='ocrx_word' id='word_1_67' title='bbox 381 1728 614 1801; x_wconf 83' lang='lat' dir='ltr'>tempestatum</span> <span class='ocrx_word' id='word_1_68' title='bbox 635 1716 816 1780; x_wconf 80' lang='lat' dir='ltr'>turbinibus</span> <span class='ocrx_word' id='word_1_69' title='bbox 833 1718 1058 1782; x_wconf 89' lang='lat' dir='ltr'>nutabundum</span> <span class='ocrx_word' id='word_1_70' title='bbox 1080 1718 1252 1794; x_wconf 84' lang='lat' dir='ltr'>vacillabit,</span> <span class='ocrx_word' id='word_1_71' title='bbox 1272 1719 1329 1797; x_wconf 91' lang='lat' dir='ltr'>ita,</span> <span class='ocrx_word' id='word_1_72' title='bbox 1349 1723 1438 1803; x_wconf 87' lang='lat' dir='ltr'>Apo·</span> 
     </span>
    </p>
   </div>
   <div class='ocr_carea' id='block_1_4' title="bbox 372 1815 1439 2294">
    <p class='ocr_par' dir='ltr' id='par_1_4' title="bbox 372 1815 1439 2294">
     <span class='ocr_line' id='line_1_11' title="bbox 382 1815 1437 1903; baseline 0.004 -20"><span class='ocrx_word' id='word_1_73' title='bbox 382 1821 470 1884; x_wconf 86' lang='lat' dir='ltr'>stolo</span> <span class='ocrx_word' id='word_1_74' title='bbox 493 1817 721 1903; x_wconf 81' lang='lat' dir='ltr'>promulgante</span> <span class='ocrx_word' id='word_1_75' title='bbox 747 1815 779 1895; x_wconf 94' lang='lat' dir='ltr'>[l</span> <span class='ocrx_word' id='word_1_76' title='bbox 805 1815 878 1882; x_wconf 82' lang='lat' dir='ltr'>Cor.</span> <span class='ocrx_word' id='word_1_77' title='bbox 899 1820 945 1883; x_wconf 88' lang='lat' dir='ltr'>iii.</span> <span class='ocrx_word' id='word_1_78' title='bbox 964 1818 1048 1900; x_wconf 86' lang='lat' dir='ltr'>ll.]:</span> <span class='ocrx_word' id='word_1_79' title='bbox 1081 1817 1326 1884; x_wconf 81' lang='lat' dir='ltr'>fundamentum</span> <span class='ocrx_word' id='word_1_80' title='bbox 1349 1821 1437 1886; x_wconf 90' lang='lat' dir='ltr'>aliud</span> 
     </span>
     <span class='ocr_line' id='line_1_12' title="bbox 381 1919 1439 2006; baseline 0.004 -23"><span class='ocrx_word' id='word_1_81' title='bbox 381 1941 478 1983; x_wconf 89' lang='lat' dir='ltr'>nemo</span> <span class='ocrx_word' id='word_1_82' title='bbox 492 1929 604 2005; x_wconf 84' lang='lat' dir='ltr'>potest</span> <span class='ocrx_word' id='word_1_83' title='bbox 616 1939 737 2002; x_wconf 86' lang='lat' dir='ltr'>ponere</span> <span class='ocrx_word' id='word_1_84' title='bbox 751 1929 865 2001; x_wconf 76' lang='lat' dir='ltr'>prester</span> <span class='ocrx_word' id='word_1_85' title='bbox 877 1919 923 1998; x_wconf 90' lang='lat' dir='ltr'>id,</span> <span class='ocrx_word' id='word_1_86' title='bbox 938 1920 1027 2006; x_wconf 91' lang='lat' dir='ltr'>quod</span> <span class='ocrx_word' id='word_1_87' title='bbox 1044 1920 1186 2004; x_wconf 85' lang='lat' dir='ltr'>positum</span> <span class='ocrx_word' id='word_1_88' title='bbox 1207 1931 1264 1999; x_wconf 88' lang='lat' dir='ltr'>est,</span> <span class='ocrx_word' id='word_1_89' title='bbox 1280 1920 1368 2004; x_wconf 91' lang='lat' dir='ltr'>quod</span> <span class='ocrx_word' id='word_1_90' title='bbox 1390 1935 1439 1987; x_wconf 90' lang='lat' dir='ltr'>est</span> 
     </span>
     <span class='ocr_line' id='line_1_13' title="bbox 379 2018 1439 2106; baseline 0 -20"><span class='ocrx_word' id='word_1_91' title='bbox 379 2022 475 2086; x_wconf 87' lang='lat' dir='ltr'>Jesus</span> <span class='ocrx_word' id='word_1_92' title='bbox 490 2018 655 2084; x_wconf 84' lang='lat' dir='ltr'>Christus.</span> <span class='ocrx_word' id='word_1_93' title='bbox 693 2018 789 2082; x_wconf 89' lang='lat' dir='ltr'>Petro</span> <span class='ocrx_word' id='word_1_94' title='bbox 803 2029 909 2082; x_wconf 90' lang='lat' dir='ltr'>autem</span> <span class='ocrx_word' id='word_1_95' title='bbox 923 2022 1037 2086; x_wconf 82' lang='lat' dir='ltr'>veritas</span> <span class='ocrx_word' id='word_1_96' title='bbox 1051 2023 1097 2085; x_wconf 84' lang='lat' dir='ltr'>ita</span> <span class='ocrx_word' id='word_1_97' title='bbox 1111 2022 1314 2106; x_wconf 81' lang='lat' dir='ltr'>privilegium</span> <span class='ocrx_word' id='word_1_98' title='bbox 1330 2023 1439 2088; x_wconf 82' lang='lat' dir='ltr'>sanxit</span> 
     </span>
     <span class='ocr_line' id='line_1_14' title="bbox 375 2118 1436 2208; baseline -0.001 -18"><span class='ocrx_word' id='word_1_99' title='bbox 375 2124 543 2190; x_wconf 74' lang='lat' dir='ltr'>Ecclesiae</span> <span class='ocrx_word' id='word_1_100' title='bbox 559 2119 672 2200; x_wconf 88' lang='lat' dir='ltr'>[Matt.</span> <span class='ocrx_word' id='word_1_101' title='bbox 684 2118 781 2200; x_wconf 81' lang='lat' dir='ltr'>xvi.]:</span> <span class='ocrx_word' id='word_1_102' title='bbox 807 2120 859 2184; x_wconf 93' lang='lat' dir='ltr'>Tu</span> <span class='ocrx_word' id='word_1_103' title='bbox 873 2142 909 2185; x_wconf 86' lang='lat' dir='ltr'>es</span> <span class='ocrx_word' id='word_1_104' title='bbox 920 2122 1045 2203; x_wconf 85' lang='lat' dir='ltr'>Petrus,</span> <span class='ocrx_word' id='word_1_105' title='bbox 1059 2133 1092 2187; x_wconf 87' lang='lat' dir='ltr'>et</span> <span class='ocrx_word' id='word_1_106' title='bbox 1106 2144 1202 2208; x_wconf 89' lang='lat' dir='ltr'>supra</span> <span class='ocrx_word' id='word_1_107' title='bbox 1215 2123 1299 2188; x_wconf 88' lang='lat' dir='ltr'>hanc</span> <span class='ocrx_word' id='word_1_108' title='bbox 1315 2131 1436 2207; x_wconf 88' lang='lat' dir='ltr'>petram</span> 
     </span>
     <span class='ocr_line' id='line_1_15' title="bbox 372 2217 1385 2294; baseline -0.008 0"><span class='ocrx_word' id='word_1_109' title='bbox 372 2227 556 2294; x_wconf 72' lang='lat' dir='ltr'>aedfimbo</span> <span class='ocrx_word' id='word_1_110' title='bbox 571 2221 755 2288; x_wconf 86' lang='lat' dir='ltr'>Ecclesiam</span> <span class='ocrx_word' id='word_1_111' title='bbox 771 2242 883 2288; x_wconf 83' lang='lat' dir='ltr'>meam.</span> <span class='ocrx_word' id='word_1_112' title='bbox 1379 2217 1385 2227; x_wconf 64' lang='lat'><strong>¹</strong></span> 
     </span>
    </p>
   </div>
   <div class='ocr_carea' id='block_1_5' title="bbox 0 0 1884 5425">
    <p class='ocr_par' dir='ltr' id='par_1_5' title="bbox 0 0 1884 5425">
     <span class='ocr_line' id='line_1_16' title="bbox 0 0 1884 5425; baseline 0 1"><span class='ocrx_word' id='word_1_113' title='bbox 0 0 1884 5425; x_wconf 95' lang='lat' dir='ltr'> </span> 
     </span>
    </p>
   </div>
  </div>
 </body>
</html>
