3759 5425
605 804 682 849 vira
696 804 873 849 annuatur
890 804 1027 851 saarcro
1043 804 1207 851 sucroaa.
1368 793 1428 855 ast

377 956 501 1023 mundo
530 956 710 1020 secundum
738 977 866 1019 carnem
894 957 1067 1022 nativitatis
1093 959 1376 1041 septingentesimo
1402 972 1435 1025 et

379 1059 507 1143 quinto,
529 1079 549 1120 a
571 1056 767 1121 Blithwaldo
789 1077 975 1120 successore
998 1057 1171 1135 Theodori,
1189 1059 1433 1126 cantuariorum

379 1157 629 1240 Archipraesule,
637 1156 705 1217 viro
715 1156 954 1219 Ecclesiasticis
965 1158 1059 1219 rebus
1068 1158 1203 1235 valente,
1213 1160 1433 1246 bonommque

381 1280 507 1322 morum
528 1258 695 1321 honestate
717 1258 813 1336 longe
834 1255 989 1339 praedito,
1013 1257 1247 1343 defunctusque
1269 1273 1327 1337 cst,
1347 1284 1433 1325 anno

382 1359 667 1443 septingentesimo
680 1378 788 1420 nouo:
813 1357 869 1441 qui
885 1357 1063 1421 secuudum
1078 1359 1162 1423 hanc
1175 1361 1433 1444 supputationem

381 1460 558 1543 conjuncti,
571 1460 690 1522 suerint
710 1456 922 1541 quadraginta
943 1468 976 1521 et
998 1467 1079 1521 tres:
1103 1460 1278 1543 exquibus
1297 1476 1435 1546 quatuor

381 1558 703 1643 irreprehensibiliter
723 1558 757 1620 in
784 1558 965 1641 Episcopio
988 1559 1082 1636 vixit,
1104 1560 1188 1623 sicut
1217 1561 1435 1645 supradictum

383 1672 451 1725 est:
474 1660 606 1743 reliquis
626 1659 661 1721 in
682 1660 819 1723 Abbatis
843 1670 964 1722 tantum
986 1659 1110 1737 ordine,
1124 1682 1189 1724 non
1212 1672 1316 1726 tamen
1339 1666 1434 1729 unius

381 1773 509 1825 tantum
539 1760 695 1835 abbatia,
725 1758 782 1823 sed
808 1760 978 1823 multarum
1007 1761 1161 1841 Magister
1190 1763 1304 1826 extitit.
1348 1765 1433 1829 Prae·

383 1865 482 1930 cessit
503 1862 652 1947 equidem
674 1862 765 1925 istius
787 1862 821 1924 in
845 1862 975 1926 Christo
997 1862 1246 1927 Archiantistitis
1272 1864 1433 1932 Duustani

382 1967 511 2029 obitum
530 1965 624 2027 annis
646 1964 793 2028 ducentis
824 1964 1029 2047 septuaginta
1053 1985 1179 2043 novem,
1201 1976 1234 2027 et
1261 1986 1433 2049 pensavere

381 2067 469 2131 illius
488 2063 668 2129 reverendae
690 2065 861 2147 Reliquiae,
873 2065 908 2126 in
921 2066 996 2128 loco
1011 2065 1067 2127 ubi
1083 2086 1102 2127 a
1117 2066 1289 2130 Dunstano
1310 2069 1434 2134 suerunt

383 2167 508 2252 positae,
530 2177 604 2249 post
627 2164 770 2248 ejusdem
797 2165 1062 2248 Archipontiiicis
1087 2168 1316 2249 migrationem,
1341 2174 1434 2237 annis

382 2268 561 2347 nonaginta
598 2265 735 2342 duobus,
773 2266 857 2329 unde
893 2268 1026 2331 relevari
1063 2268 1123 2331 hoc
1161 2268 1300 2353 denique
1337 2273 1434 2337 modo

382 2367 530 2432 vidimus.

426 2470 567 2532 Praeerat
595 2468 629 2529 in
652 2467 766 2530 eodem
795 2468 945 2531 coenobio
968 2468 1078 2531 Abbas
1101 2468 1264 2544 Warinus,
1287 2470 1433 2554 pluribus

384 2571 483 2633 rebus
511 2570 558 2630 vir
587 2566 729 2629 eruditus
758 2577 792 2631 et
827 2567 1011 2631 monasticae
1046 2568 1261 2647 religiositatis
1289 2568 1435 2635 doctrina

385 2670 561 2753 praeditus;
584 2669 638 2754 qui
654 2668 717 2732 rita
732 2680 764 2732 et
779 2670 922 2733 moribus
937 2669 1111 2752 pollentem
1128 2688 1252 2751 gregem
1269 2669 1331 2733 sibi
1345 2691 1432 2734 com·
1527 2702 1529 2706 ·

385 2772 517 2834 missum
532 2771 662 2852 regebat
681 2771 867 2832 monasticis
889 2768 1124 2831 traditionibus.
1170 2769 1233 2840 Qui
1248 2769 1434 2854 aliquantis·

383 2895 443 2956 per
472 2871 512 2935 de
538 2891 670 2954 corpore
693 2869 844 2934 dubitans
874 2869 1087 2946 sanctissimo,
1109 2868 1223 2933 indicit
1245 2870 1334 2934 fideli
1356 2895 1433 2936 con·

385 2973 564 3053 gregationi
578 2969 760 3034 triduanum
776 2991 870 3051 agere
879 2967 1051 3053 jejunium,
1067 2971 1212 3032 Psalmos
1226 2968 1339 3034 devote
1353 2973 1435 3036 locis

385 3071 536 3153 congruis
558 3070 738 3147 decantare,
761 3069 975 3152 omnibusque
997 3067 1101 3131 modis
1123 3081 1196 3133 ante
1219 3069 1335 3136 divinae
1357 3093 1434 3136 con·

385 3184 532 3256 spectum
554 3172 732 3235 clementiae
755 3169 926 3248 humiliari,
941 3181 1101 3253 quatenus
1123 3171 1351 3256 omnipotentis
1368 3175 1432 3240 Dei

368 3274 606 3338 'misericordia
632 3274 714 3337 tanti
739 3271 891 3334 Praesulis
917 3271 1084 3355 Reliquias
1114 3274 1295 3355 reperirent,
1353 3278 1432 3341 Glo-

385 3376 592 3440 cestrcnsium
608 3373 702 3436 etiarn
716 3371 863 3452 religiosa
877 3369 1092 3451 congregatio,
1108 3371 1183 3452 quia
1204 3370 1280 3434 hnic
1296 3375 1435 3442 caritatis

387 3477 560 3561 conjuncta
594 3476 696 3538 suerat
732 3473 871 3548 vinculo,
902 3471 1038 3553 jubente
1076 3471 1123 3532 illi
1159 3469 1252 3532 Patre
1290 3472 1433 3556 Serlone,

385 3579 539 3660 religione
552 3575 729 3639 monastica
747 3571 932 3646 reverendo,
949 3571 1011 3634 boc
1029 3570 1113 3636 idem
1129 3570 1206 3634 fecit
1214 3569 1385 3656 jejunium,
1399 3578 1433 3639 in

387 3679 503 3744 diebus
522 3689 667 3743 sanctum
686 3676 770 3739 diem
792 3675 999 3738 pentecostes
1018 3672 1283 3756 praecedentibus.
1326 3675 1435 3740 Tertia

388 3802 462 3844 vero
492 3779 545 3843 die
573 3777 765 3862 supradictae
796 3774 1004 3851 solennitatis,
1033 3773 1118 3836 sacto
1155 3794 1229 3836 cum
1259 3778 1435 3841 reverentia

387 3879 567 3946 matutinali
582 3878 708 3954 Officio,
723 3876 764 3939 ad
781 3875 884 3938 sancti
899 3874 1042 3956 corporis
1057 3875 1152 3936 ambo
1166 3873 1308 3940 Abbates
1322 3877 1433 3942 timore

388 3983 475 4065 pleni
497 4000 608 4044 venere
630 3978 795 4042 tumulum.
840 3976 925 4038 Cum
948 3974 1066 4057 quibus
1088 3974 1153 4038 duo
1175 3975 1296 4052 fratres,
1311 3979 1367 4061 qui
1384 3981 1432 4044 eis

389 4080 618 4147 adlevandum
641 4077 779 4162 lapidem
802 4076 968 4160 prebuere
993 4074 1170 4138 auxilium:
1201 4096 1337 4158 quorum
1355 4081 1434 4144 alter

390 4185 556 4248 Hubertus
569 4181 709 4256 nomine,
724 4179 771 4241 vir
791 4176 892 4242 atille
907 4177 996 4240 mirae
1018 4176 1191 4260 patientiae,
1206 4177 1262 4260 qui
1279 4178 1326 4256 (ut
1339 4183 1434 4246 nobis

391 4286 508 4370 saepius
542 4281 629 4345 idem
665 4278 784 4357 retulit)
814 4275 981 4361 cujusdam
1018 4275 1212 4340 infirmitatis
1247 4283 1434 4358 gravabatur

387 4386 541 4471 pondere,
570 4382 676 4446 statim
713 4390 749 4444 ut
784 4378 885 4443 sensit
914 4387 1096 4440 sanctarum
1126 4376 1345 4460 Reliquiarum
1373 4382 1433 4447 fra.

389 4486 556 4567 grantiam,
576 4483 610 4546 in
632 4493 714 4545 terra
736 4500 810 4543 cum
832 4477 957 4541 caeteris
979 4475 1054 4540 fixis
1077 4476 1213 4557 genibus
1235 4476 1300 4540 Dei
1322 4480 1433 4548 Omni.

388 4584 529 4668 potentis
564 4580 706 4646 laudavit
742 4577 957 4654 clementiam,
994 4597 1066 4658 quac
1103 4576 1149 4638 sic
1188 4576 1323 4643 Sanctus
1359 4603 1433 4648 suos
