3759 5425
561 775 566 780 ·
683 765 725 810 ne
741 763 904 809 nanninus
919 761 1100 807 vinomuu.
1355 741 1414 798 itta

452 919 577 983 Punica
588 930 716 1001 sceptra
729 930 833 982 mmen
849 916 1012 1000 preconia
1026 923 1137 978 sancta
1151 917 1348 994 stupescunt,

452 1020 592 1100 Virginis
606 1019 766 1100 egregiam
782 1019 878 1098 rulgo
893 1015 1043 1079 mirantia
1058 1012 1183 1076 famam.

452 1118 544 1182 Sicut
557 1120 643 1182 enlm
657 1121 795 1202 lychnus
809 1119 908 1181 modii
919 1139 984 1180 non
1001 1112 1159 1180 clauditur
1173 1109 1305 1185 umbris,

456 1213 588 1278 Summa
603 1216 661 1279 sed
676 1218 784 1299 potius
797 1216 979 1297 fulgescens
993 1233 1066 1276 aree
1080 1214 1213 1285 locatur,

455 1315 614 1381 Omnibus
629 1331 665 1381 ut
678 1317 782 1380 radiet
797 1318 881 1380 clara
896 1337 970 1379 curn
989 1317 1062 1378 luce
1078 1329 1270 1386 commeans3

455 1415 509 1480 Sic
525 1431 649 1483 sacrata
663 1421 747 1498 Deo,
761 1429 850 1483 casto
866 1419 1052 1499 virguncula
1067 1435 1157 1491 sexu,

458 1519 592 1582 Vixerat
605 1522 639 1583 in
654 1522 746 1584 terris
761 1520 884 1584 eoelesti
898 1517 1138 1602 fretafpatrono.

456 1620 584 1702 inclyta
597 1621 668 1685 haec
684 1621 786 1684 fuerat
801 1641 959 1703 generosa
973 1620 1071 1702 stirpe
1086 1627 1264 1702 parentum,

454 1719 628 1785 Nobilibus
643 1723 743 1786 titulis
759 1721 832 1785 ritae
848 1720 1013 1784 cunabula
1026 1739 1166 1782 sumens.

456 1817 521 1884 Sed
535 1833 643 1886 tamen
658 1835 731 1888 ante
747 1823 854 1886 Deum
870 1823 970 1885 multo
986 1820 1169 1901 generosior
1184 1827 1283 1894 extat

459 1920 620 1985 Virtutum
634 1923 758 1985 maritis
772 1921 915 2000 rutilans,
929 1932 967 1984 ut
981 1941 1108 2002 gemma
1121 1941 1260 1998 corone,

459 2020 575 2086 Pulcra
588 2024 701 2101 comis,
715 2024 868 2108 cirrisque
883 2023 1011 2099 decens,
1026 2033 1058 2086 et
1072 2023 1210 2088 candida
1223 2024 1324 2098 vultu,

459 2121 574 2186 Fronte
589 2137 722 2190 venusta
736 2127 817 2188 nitet
831 2126 962 2208 frugalis
977 2125 1067 2208 virgo
1087 2125 1240 2202 tonantis,

458 2223 553 2288 Hanc
570 2229 723 2310 opulenta
738 2229 800 2291 sibi
817 2229 958 2291 certatim
973 2238 1076 2292 turma
1089 2246 1271 2312 procomm,

460 2326 646 2392 Formosam
662 2331 780 2412 specie,
795 2331 944 2394 thalamis
959 2331 1138 2394 adsciscere
1154 2329 1259 2410 gestit,

459 2426 601 2491 Plurima
616 2427 693 2492 dum
709 2430 788 2493 felix
804 2429 881 2494 ditis
894 2430 1090 2512 patrimonia
1105 2449 1193 2510 gazae

459 2527 617 2605 Possidet,
631 2531 787 2612 obryzum
802 2551 840 2594 ac
852 2551 977 2612 gemm
991 2531 1131 2611 fulgente
1145 2529 1320 2605 metallum,

461 2633 506 2692 Ac
521 2641 720 2713 segmentata
733 2633 878 2714 fulgebat
892 2645 979 2697 reste
996 2632 1111 2714 virago.

465 2732 593 2796 innuba
606 2732 663 2796 sed
679 2736 778 2798 voluit
791 2734 918 2798 dotales
930 2735 1077 2817 linquere
1091 2750 1239 2815 pompas,

460 2832 505 2894 Et
519 2835 625 2917 superi
640 2837 749 2917 potius
763 2837 875 2920 sponsi
889 2838 1063 2898 lentescere
1079 2830 1188 2911 labris,

463 2934 580 2999 Suavis
594 2939 786 3021 compressis
799 2938 989 3023 impendens
1004 2938 1114 3003 oscula
1126 2936 1249 2999 buccis

463 3037 547 3099 Nam
561 3056 665 3121 nuper
678 3040 741 3121 legi
755 3039 895 3103 facundo
911 3048 1084 3120 grammate
1098 3039 1233 3114 biblum,

464 3138 610 3219 Virgines
624 3141 776 3205 eximiam
792 3143 848 3224 qui
863 3142 976 3205 scribit
990 3152 1148 3205 commate
1162 3140 1272 3213 vitam,

468 3238 511 3301 Ut
524 3241 674 3323 precibus
688 3242 827 3324 genitrix
842 3242 992 3306 subnixis
1007 3254 1118 3306 sancta
1131 3242 1289 3326 poposcit,

465 3339 548 3404 Cum
562 3342 619 3426 pis
632 3354 720 3407 naus
733 3355 866 3427 pontum
882 3346 1023 3427 pulsaret
1037 3356 1122 3409 certa
1136 3345 1333 3426 magistrum,

465 3442 625 3508 Scriberet
637 3456 674 3509 ut
688 3447 810 3509 sobolis
825 3446 1003 3510 doctrinam
1018 3447 1078 3510 rite
1093 3465 1273 3530 supernam,

464 3544 608 3615 Qualiter
620 3546 654 3609 in
670 3545 777 3610 cordis
791 3547 976 3611 dresserum
992 3547 1111 3611 condat
1128 3566 1241 3610 acerra

462 3644 662 3725 Virgineum,
677 3668 806 3713 servam
821 3650 923 3733 stupri
938 3650 1007 3713 siue
1022 3660 1105 3712 sorte
1120 3647 1284 3732 pudorem.

506 3747 665 3831 Tempore
679 3770 745 3833 quo
758 3748 880 3831 rigidos
895 3751 969 3812 saevi
985 3758 1141 3812 tormenta
1155 3748 1281 3831 tyranni

464 3846 610 3910 Athletas
625 3848 746 3912 Christi
761 3851 921 3931 cogebant
934 3849 1013 3913 ferre
1028 3860 1169 3925 emaum,

465 3946 544 4011 Tres
561 3949 656 4013 simul
672 3951 812 4015 illustres
826 3959 1030 4034 sumpserunt
1044 3960 1127 4013 sorte
1141 3968 1276 4028 sorores,

465 4048 643 4130 Splendida
657 4053 828 4133 purpureis
842 4053 1019 4135 plectentes
1034 4060 1117 4114 serta
1131 4050 1268 4127 coronis,

467 4147 553 4210 Dum
568 4150 664 4214 simtu
678 4152 845 4233 integritas
859 4150 1003 4215 candens
1019 4161 1051 4214 et
1065 4151 1174 4234 passio
1188 4150 1293 4226 rubra,

466 4247 650 4329 Virginibus
665 4249 786 4314 Christi
800 4251 1011 4314 cumulabant
1025 4250 1157 4332 praemia
1171 4247 1281 4332 dupla,

468 4346 608 4422 Quarum
623 4371 682 4433 per
695 4372 824 4434 prosam
839 4351 993 4434 descripsi
1005 4351 1137 4414 nomina
1152 4348 1282 4413 dudum.

466 4448 589 4532 Impius
603 4454 769 4534 Augustus
784 4453 840 4536 qui
855 4454 968 4516 Romae
983 4462 1109 4535 sceptra
1122 4453 1262 4532 regebat,

464 4550 537 4614 Has
550 4552 672 4617 Christi
686 4556 821 4619 famulas
835 4556 945 4637 nuptis
960 4554 1136 4619 adsciscere
1151 4555 1257 4635 gestit,

875 4679 894 4717 o
910 4662 930 4719 2
