3759 5425
641 701 794 749 narsrots
809 703 853 749 so
867 702 1044 764 semeron,
1060 702 1135 748 aro.
1352 688 1416 745 tot

558 858 588 916 θ.
613 852 665 917 Do
682 854 777 917 Cotto
791 854 842 917 vel
856 855 1020 937 Muricr'pe
1032 856 1085 919 ccl
1099 854 1224 919 Piloce.

449 953 531 1019 Fida
545 954 623 1019 sutis
638 968 746 1021 custos
761 978 957 1023 conservans
970 959 1105 1043 pervigil
1122 956 1219 1035 ades,

450 1054 611 1119 Noctibus
625 1056 659 1118 in
675 1056 774 1121 furris
789 1078 893 1121 cacas
906 1060 1050 1123 lustrabo
1065 1058 1215 1122 tenebras

450 1156 535 1219 Atria
549 1155 637 1221 haud
652 1156 789 1240 perdens
804 1159 971 1222 oculorum
984 1159 1095 1221 lumen
1109 1158 1144 1220 in
1159 1155 1278 1233 antris3

452 1256 590 1320 Furibus
604 1257 728 1338 invisis,
742 1269 868 1323 vesunt
883 1259 939 1344 qui
953 1257 1043 1322 farris
1058 1277 1200 1334 acervos,

452 1356 587 1421 Insidiis
601 1358 697 1422 tacite
713 1357 852 1441 dispono
867 1357 1023 1423 scandala
1035 1357 1158 1432 mortis,

451 1458 498 1520 Et
511 1480 593 1541 vaga
607 1460 753 1524 venatrix
767 1460 907 1525 rimabor
920 1463 1021 1524 larstra
1035 1460 1183 1539 serarum,

452 1558 523 1622 Nec
539 1561 612 1623 volo
627 1581 702 1623 cum
717 1561 853 1624 canibus
869 1570 989 1625 turmas
1003 1560 1124 1643 agitare
1136 1560 1279 1642 frrgaces,

453 1661 517 1733 Qui
531 1661 609 1725 mibi
624 1664 775 1727 latrantes
791 1661 933 1727 crudelia
946 1664 1033 1747 bella
1049 1661 1192 1726 ciebunt

453 1766 545 1829 Gens
559 1786 661 1829 exosa
674 1766 754 1829 mibi
768 1766 916 1830 tradebat
930 1787 1049 1830 nomen
1063 1763 1261 1829 babendum.

757 1874 787 1929 7.
809 1865 863 1930 De
880 1865 1028 1929 uentre

453 1967 548 2032 Sicca
562 1969 748 2052 pruinosam
763 1969 885 2033 crebris
900 1968 1031 2033 effundo
1045 1970 1204 2048 fenestris,

455 2068 721 2154 Candentemque
736 2070 845 2134 nivem
854 2069 984 2153 jactans
998 2069 1039 2134 de
1054 2071 1174 2135 vertice
1189 2070 1290 2145 furvo,

453 2170 498 2235 Et
510 2192 573 2235 nos
588 2172 692 2235 omnis
707 2182 794 2236 amat
809 2172 956 2256 quamvis
970 2173 1031 2235 sim
1045 2172 1162 2255 frigida
1174 2172 1286 2236 nimbo

453 2271 595 2336 Densior
608 2282 641 2337 et
655 2274 783 2337 nebulis
797 2275 861 2338 lato
877 2285 1047 2357 spargatur
1060 2275 1094 2337 in
1110 2274 1194 2337 aula.

456 2373 529 2446 Qua
544 2374 614 2437 sine
629 2374 777 2437 mortales
792 2386 975 2456 grassamur
990 2375 1099 2438 funere
1114 2374 1205 2453 lethi,

455 2474 500 2536 Et
515 2494 579 2558 qua
592 2472 683 2538 dilati
698 2483 909 2538 contemnunt
922 2474 1035 2537 limina
1048 2473 1148 2537 Ditis.

454 2575 509 2639 Sic
526 2576 640 2639 auimae
654 2576 773 2660 pariter
786 2588 924 2659 pereunt
937 2575 1017 2638 dum
1032 2576 1098 2638 vita
1113 2574 1249 2639 fatescit.

457 2676 604 2761 Liquitur
617 2676 651 2740 in
667 2676 780 2760 prunis
795 2696 962 2760 uunquam
976 2674 1170 2740 torrentibus
1183 2675 1254 2739 boec
1270 2675 1340 2751 nix,

457 2777 533 2854 Sed,
547 2777 661 2840 mirum
676 2777 778 2855 dictu,
794 2777 897 2858 magis
913 2776 1089 2840 indurescit
1103 2774 1145 2839 ad
1160 2777 1280 2858 ignem.

738 2881 769 2942 8.
793 2876 846 2940 De
860 2875 1055 2942 Fundibolo.

458 2981 585 3045 Glauca
599 3001 691 3062 seges
705 2979 763 3044 lini
779 3001 915 3046 vernans
930 3000 971 3044 ex
988 3001 1114 3065 aeqnore
1130 2981 1210 3044 ruris

458 3081 503 3144 Et
517 3093 622 3164 tergus
636 3081 716 3145 mihi
730 3080 898 3145 tradebant
912 3081 1087 3165 primordia
1100 3081 1175 3146 fati:

457 3182 541 3245 Bina
554 3183 634 3245 mibi
650 3193 797 3248 constant
813 3193 895 3246 torto
909 3204 985 3246 nam
1000 3183 1225 3261 brachialem,

457 3284 512 3346 Ex
527 3284 646 3366 quibus
661 3283 852 3346 immensum
867 3282 1066 3347 trucidabam
1081 3283 1168 3346 mole
1182 3293 1367 3364 tyrannum,

459 3388 542 3452 Cum
557 3400 712 3472 cuperent
727 3387 804 3451 olim
819 3389 925 3469 gentis
939 3389 1051 3450 saevire
1065 3386 1250 3471 phalanges.

458 3490 535 3554 Plus
550 3510 624 3553 amo
640 3511 714 3553 cum
730 3489 821 3553 tereti
835 3488 957 3551 bellum
973 3486 1144 3551 decernere
1159 3505 1252 3562 sexo,

459 3591 563 3668 Quam
579 3591 666 3654 duris
681 3611 828 3674 pugnans
842 3589 958 3652 ferrata
973 3588 1097 3671 cuspite
1113 3587 1228 3651 contis

458 3694 537 3757 Tres
552 3692 644 3775 digiti
659 3687 760 3756 t‘otum
776 3701 902 3754 versant
916 3708 1013 3772 super
1028 3687 1129 3750 ardua
1143 3708 1279 3771 corpus:

462 3795 543 3858 Erro
559 3803 657 3878 caput
671 3793 803 3865 circum,
819 3799 930 3854 tenues
945 3801 979 3853 et
992 3787 1107 3852 tendor
1121 3789 1155 3850 in
1170 3808 1274 3850 auras.

641 3913 644 3920 ·
722 3898 751 3955 9.
776 3890 829 3955 De
846 3891 955 3953 Colice
967 3890 1078 3951 vitreo,

465 4001 515 4063 De
531 3999 619 4061 rimis
634 3995 780 4080 lapidum
797 3994 939 4078 profluxi
953 3992 1087 4055 flumine
1100 3992 1200 4068 lento,

463 4101 548 4163 Dum
564 4099 715 4178 frangunt
729 4096 865 4158 flammae
881 4113 1032 4156 saxorum
1048 4091 1170 4153 viscera
1184 4088 1274 4167 dura,

462 4202 508 4263 Et
520 4199 604 4262 laxis
618 4197 713 4261 ardor
727 4196 866 4259 fornacis
882 4193 972 4256 ardet
985 4191 1131 4257 habenis.

464 4302 558 4362 Nunc
575 4298 654 4360 mihi
671 4297 769 4358 forma
784 4315 901 4378 capax,
917 4291 1083 4374 glacieque
1098 4289 1260 4352 simillima
1273 4291 1370 4354 lucet

465 4403 593 4485 Nempe
607 4401 720 4464 volunt
734 4399 842 4482 plures
858 4397 976 4459 collum
993 4392 1192 4474 confringere
1206 4391 1323 4457 dextra

465 4503 508 4566 Et
525 4503 658 4584 pulchre
676 4499 783 4578 digitis
797 4497 956 4560 lubricum
974 4492 1201 4575 comprendere
1217 4513 1344 4576 corpus.
