3759 5425
690 734 846 780 sersaoni
861 735 904 779 nn
919 735 1096 797 rerncrunr,
1111 737 1183 782 ere.
1401 725 1465 783 ‘217

418 889 506 951 tricis
531 885 573 949 de
597 886 705 950 radice
724 889 827 953 Jessae
851 889 1009 953 foecuudis
1029 890 1214 974 palmitibus
1233 891 1420 973 pullulasse,
1437 901 1470 955 et

418 1009 613 1073 purpureum
643 989 839 1053 serculorum
871 990 966 1053 flores
996 991 1141 1073 mysticis
1171 991 1470 1056 obumbrationibus

417 1091 560 1174 prolapsi
588 1100 844 1173 recuperatorem
874 1091 988 1155 mnndi
1014 1091 1286 1176 praeflgnrantem,
1307 1093 1469 1175 chirogra-

419 1192 584 1275 phumque
605 1192 874 1274 protoplastorum
896 1193 1144 1258 misericorditer
1165 1194 1372 1274 abrogantem
1395 1214 1470 1256 curn

419 1304 552 1377 septeno
575 1292 739 1377 sapientie
761 1293 939 1372 intellectu,
954 1304 1206 1377 caeterarumque
1227 1295 1377 1358 virtutum
1396 1295 1470 1379 Spi-

420 1396 514 1458 ritum
542 1393 750 1474 germinasse:
783 1393 870 1457 idem
899 1417 1040 1479 namque
1070 1394 1263 1478 septiformis
1292 1416 1470 1459 sacramen·

420 1507 523 1560 torum
559 1516 711 1559 numerus
764 1498 976 1561 sacrosanctis
1011 1507 1274 1560 testamentorum
1312 1498 1473 1561 miraculis

419 1597 673 1682 frequentissime
683 1597 911 1682 adstipulatur:
928 1599 1021 1683 cujus
1031 1601 1156 1664 numeri
1166 1600 1349 1682 mysterium
1360 1600 1471 1664 iterata

420 1698 627 1782 replicatione
642 1699 819 1777 revolvens,
834 1698 875 1762 de
896 1701 1114 1764 amoenissimo
1131 1701 1364 1784 Scripturarum
1379 1720 1470 1783 para·

422 1800 503 1877 diso,
517 1800 608 1884 quasi
625 1799 781 1884 quosdam
800 1801 1026 1883 campestrium
1043 1803 1219 1866 cauliculos
1236 1815 1291 1866 aut
1305 1813 1472 1866 vernantes

422 1913 583 1986 pratorum
601 1903 753 1966 flosculos
775 1923 978 1979 coacervans,
993 1903 1034 1967 ad
1049 1905 1146 1968 unius
1168 1925 1295 1968 coronoe
1311 1915 1472 1967 texturam

423 2023 594 2085 congerere
608 2003 702 2080 nitar,
716 2014 753 2066 ut
767 2001 946 2066 evidentius
962 2003 996 2065 iu
1010 2005 1181 2088 propatulo
1204 2016 1358 2088 patescat,
1374 2027 1472 2069 cunc·

421 2108 526 2189 tisque
548 2103 702 2168 scrutinio
731 2105 950 2168 scrutantibus
975 2106 1048 2169 luce
1073 2105 1237 2189 limpidius
1264 2107 1429 2185 clarescat,
1454 2130 1475 2172 a

422 2206 554 2291 quantis
587 2205 782 2287 profectibus
812 2226 973 2288 quamque
1005 2206 1137 2270 sacratis
1163 2209 1327 2272 ordinibus
1356 2221 1474 2274 nostro

422 2305 670 2371 necessitudinis
684 2305 858 2387 primordia
872 2317 905 2369 et
919 2305 1058 2370 necdum
1074 2317 1199 2371 matura
1220 2308 1473 2373 rudimentorum

422 2409 570 2474 tirocinia
583 2406 779 2487 originaliter
798 2407 1023 2489 processerint,
1044 2408 1282 2489 pullulaverint,
1305 2409 1472 2490 viguerint.

423 2514 501 2591 Hic,
526 2512 669 2594 inquam,
691 2509 885 2594 septiformis
909 2511 1133 2573 laterculorum
1158 2533 1310 2575 numerus
1335 2513 1376 2574 ab
1402 2513 1474 2595 ipso

421 2614 584 2679 nascentis
605 2611 720 2676 mnndi
739 2611 914 2695 primordio
938 2633 1027 2674 sacer
1049 2611 1204 2675 oriundus
1227 2613 1342 2677 extitit.
1387 2615 1474 2677 Nam

421 2739 486 2781 non
496 2717 599 2780 solnm
609 2715 797 2778 universitas
805 2715 1061 2777 totiuscreaturae
1072 2736 1168 2797 quarn
1180 2717 1329 2781 volubilis
1339 2727 1371 2781 et
1379 2718 1474 2797 agilis

422 2819 568 2901 polorum
591 2817 710 2899 vertigo
724 2826 757 2879 et
777 2817 856 2879 bina
873 2817 1010 2897 cingunt
1031 2817 1269 2899 hemisphaeria,
1292 2822 1474 2903 septenario

422 2918 636 2983 hebdomadis
658 2919 782 3002 simplae
807 2919 968 2981 curriculo
996 2920 1103 3003 specie
1134 2920 1327 2985 multiforma
1352 2934 1476 3005 patrata

422 3030 603 3084 narrantur:
628 3039 702 3082 curn
717 3028 823 3082 tamen
839 3019 873 3080 in
887 3019 954 3081 ictu
974 3032 1006 3082 et
1020 3031 1127 3083 atomo
1147 3022 1257 3085 vivens
1272 3022 1305 3083 in
1321 3034 1474 3086 arternum

424 3123 578 3186 creaverit
606 3119 716 3184 omnia
750 3120 858 3198 simul,
886 3141 995 3183 verum
1030 3123 1125 3185 etiarn
1156 3134 1265 3206 optata
1299 3125 1474 3188 futurorum

424 3225 551 3307 requies
565 3221 795 3305 promissorum
817 3232 850 3283 et
863 3223 960 3285 beata
981 3223 1133 3304 perennis
1153 3222 1227 3287 ritae
1244 3225 1389 3301 felicitas,
1404 3244 1476 3309 quar

424 3325 560 3406 singulis
586 3324 768 3407 quibusque
792 3324 978 3386 meritorum
1005 3325 1230 3388 emolumentis
1253 3347 1477 3410 recompensa·

423 3426 522 3503 bitur,
541 3445 605 3487 non
629 3424 693 3487 nisi
715 3435 849 3507 septena
870 3444 929 3505 per
954 3434 1133 3508 temporum
1156 3426 1352 3489 incrementa
1379 3427 1479 3489 mille-

424 3526 515 3590 nario
536 3546 670 3588 numero
692 3534 891 3610 sequestrata
912 3525 1122 3607 reproborum
1146 3537 1274 3588 caterva
1296 3526 1479 3589 insontibus

425 3627 801 3710 etpiaculorumcrimine
811 3625 994 3689 carentibus
1001 3624 1171 3689 tribuatur:
1184 3624 1341 3707 Ejusdem
1349 3646 1479 3710 qnoque

426 3728 663 3811 supputationis
697 3737 896 3791 sacramenta
928 3735 1111 3808 patuerunt,
1142 3726 1169 3787 si
1198 3725 1305 3807 prisca
1340 3749 1480 3791 comme·

425 3850 552 3892 morans
574 3830 615 3892 ab
631 3828 751 3910 origine
774 3826 915 3910 pandam
936 3848 1012 3889 curn
1035 3825 1193 3890 horrenda
1214 3829 1479 3911 cataclysmorum

425 3930 569 4014 irruptio,
583 3931 763 3994 mortalium
778 3929 902 4009 flagitia
912 3948 1074 4006 coercens,
1090 3940 1123 3990 et
1137 3928 1279 3991 coelestis
1294 3929 1366 3990 vitae
1378 3928 1480 4012 pervi-

428 4033 550 4096 caciam
565 4033 732 4096 ultricibus
743 4030 841 4094 undis
853 4032 999 4105 abluens,
1009 4040 1128 4092 cuncta
1143 4051 1216 4113 quae
1230 4029 1396 4112 reciproco
1412 4049 1480 4092 cor·

427 4153 532 4217 poreae
547 4132 727 4195 vivacitatis
741 4131 903 4213 spiraculo
920 4131 1131 4193 vescebantur
1146 4129 1293 4207 exceptis
1309 4128 1351 4191 ad
1365 4150 1480 4212 propa-

427 4236 586 4315 gationem
610 4235 729 4296 sobolis
751 4233 864 4296 suturas
886 4232 1017 4308 relictis,
1041 4230 1207 4315 usquead
1231 4231 1480 4293 internecionem

428 4347 568 4415 necaret,
580 4336 745 4419 diramque
755 4336 857 4417 Stygii
875 4332 1022 4395 Plutonis
1036 4333 1208 4414 ingluviem
1225 4332 1481 4413 exsanguinibus

429 4438 618 4501 miserorum
640 4437 808 4498 animabus
831 4434 950 4496 crudeli
976 4445 1078 4514 strage
1101 4434 1238 4497 satiaret.
1284 4436 1334 4497 Dc
1355 4432 1482 4497 mundis

429 4550 564 4620 septena
594 4539 793 4601 caenaculum
817 4548 848 4597 et
873 4536 1033 4615 tristegam
1059 4535 1135 4610 sire,
1159 4547 1193 4597 ut
1217 4538 1315 4598 altera
1342 4534 1483 4597 continet.
