3759 5425
458 743 518 802 126

713 752 826 797 Porus
841 753 886 797 DE
900 751 975 796 alus
990 752 1107 798 BEATAE
1123 747 1240 798 MARIAE

542 907 633 970 Ecce
647 907 735 969 latex
749 915 834 970 rorat
846 906 1026 970 tenebrosis
1040 907 1182 969 nubibus
1196 906 1279 970 saris.

542 1007 704 1072 Posthac
719 1008 866 1091 Martyrii
879 1017 1035 1072 mereatur
1050 1019 1133 1072 serta
1148 1017 1291 1085 cruenta,

541 1110 587 1173 Et
601 1109 745 1194 sequitur
759 1109 936 1172 Dominum
950 1110 1058 1194 pictus
1073 1131 1148 1172 oum
1163 1110 1312 1190 stigmate
1327 1107 1458 1184 Christi,

542 1208 644 1294 Cujus
657 1211 721 1274 hoo
735 1213 892 1293 templum
907 1210 1088 1275 veneranda
1101 1211 1241 1275 tuebitur
1254 1231 1317 1274 ara.

947 1527 1008 1590 XI.

542 1677 707 1740 Mattheus
721 1675 884 1758 egregium
898 1676 1085 1742 describens
1099 1677 1217 1761 dogma
1231 1678 1354 1756 salutis,

540 1777 673 1841 Hebrea
687 1798 745 1860 per
758 1778 908 1862 simplum
923 1777 1063 1860 degessit
1078 1779 1164 1844 diota
1176 1781 1332 1856 libellum,

541 1879 681 1944 Plurima
698 1879 874 1943 sanctificis
884 1901 1017 1943 narrans
1030 1882 1185 1946 miracula
1200 1883 1316 1959 saeolis,

542 1981 623 2054 Quae
638 1981 734 2045 modo
746 2003 804 2066 per
816 1981 972 2045 muudum
984 1981 1150 2065 divulgant
1165 1983 1285 2067 scripta
1297 1979 1501 2067 triquadrum.

543 2084 647 2157 Quem
664 2084 786 2148 Phison
802 2086 920 2148 fluvius
935 2083 1080 2149 Paradisi
1094 2086 1181 2150 fonte
1196 2085 1380 2150 redundans

542 2187 683 2270 Tropica
696 2185 859 2270 portendit
872 2186 1020 2269 pandens
1035 2189 1186 2271 mysteria
1199 2209 1313 2252 rerum.

540 2287 652 2351 Fontis
667 2287 815 2371 designat
828 2288 974 2352 Salvator
981 2288 1053 2372 jure
1067 2289 1203 2372 figuram

543 2389 594 2452 De
611 2411 674 2473 quo
690 2389 874 2475 quadrifluis
888 2389 1062 2454 decurrunt
1075 2392 1209 2456 flumina
1222 2391 1306 2454 rivis.

541 2492 685 2564 Quatuor
699 2502 735 2555 ut
748 2491 912 2575 quondam
926 2492 1090 2555 nascentia
1104 2477 1226 2575 ungine
1240 2493 1328 2556 saeoli

541 2593 694 2679 Limpida
706 2615 765 2678 per
777 2594 877 2657 latum
891 2594 1055 2656 fluxerunt
1069 2594 1202 2657 flumina
1216 2592 1383 2670 mundum,

542 2695 622 2767 Quae
636 2699 748 2760 rubros
762 2697 857 2761 flores
872 2705 904 2760 et
917 2703 1008 2779 prata
1024 2695 1158 2759 virentia
1171 2697 1272 2777 glebis

543 2797 731 2878 Gurgitibus
746 2798 833 2881 puris
847 2808 880 2859 et
895 2798 1011 2878 glauco
1028 2816 1096 2859 rore
1111 2798 1277 2878 rigabant:

543 2898 597 2962 Sic
612 2898 758 2962 doctrina
772 2899 835 2962 Dei
849 2900 947 2962 fluxit
960 2897 1000 2963 de
1015 2898 1102 2962 fonte
1118 2908 1272 2983 quaterno

540 2997 640 3062 Arida
655 2999 771 3063 divinia
784 3000 921 3065 irrorans
936 2999 1033 3064 eorda
1048 3002 1211 3064 scatebris.

542 3101 639 3163 Hanc
654 3102 790 3184 scriptor
803 3122 901 3164 verax
915 3103 1078 3185 expressit
1092 3102 1257 3166 Mattheus
1273 3103 1360 3177 olim,

541 3202 708 3285 Quemque
722 3202 885 3286 Propheta
899 3204 963 3267 Dei
977 3224 1067 3267 sacro
1083 3205 1253 3287 spiramine
1268 3206 1383 3289 plenus

542 3306 695 3368 Humana
708 3305 816 3388 specie
833 3303 912 3369 vidit
925 3305 1078 3389 signarier
1092 3306 1177 3369 olim.

542 3406 641 3481 Quod
657 3406 776 3470 Christi
791 3417 898 3492 patres
913 3417 946 3472 et
960 3429 1038 3471 aros
1052 3416 1232 3471 numeraret
1246 3428 1377 3471 avorum

541 3511 570 3574 E
588 3510 677 3594 queis
692 3510 839 3574 Salvator
852 3522 961 3574 noster
975 3510 1138 3574 cunabula
1152 3509 1233 3573 saori

541 3613 725 3696 Sumpserat
737 3611 773 3675 in
787 3610 907 3676 mundo
920 3612 1074 3676 scelerata
1088 3611 1217 3694 piacula
1230 3611 1382 3674 clemens.

934 3933 1013 3998 XII.

540 4086 653 4151 Simon
669 4086 797 4149 Zelotes
811 4107 871 4149 neo
885 4106 951 4148 non
968 4084 1136 4149 Cananeus
1150 4084 1249 4161 idem,

540 4188 630 4252 Inter
644 4187 847 4271 Apostolieos
861 4187 947 4250 Petri
963 4186 1152 4269 cognomine
1167 4188 1306 4267 limatus,

540 4289 649 4354 Caetus
664 4290 718 4374 qui
733 4288 841 4355 docuit
856 4289 1003 4354 Gentiles
1019 4288 1136 4371 dogma
1149 4311 1322 4374 supernum

543 4392 590 4455 Ut
604 4394 723 4455 celsum
739 4401 884 4475 peterent
897 4392 1021 4455 eoelesti
1035 4392 1159 4456 tramite
1174 4413 1317 4475 regnum.

542 4492 643 4578 Cujus
656 4493 691 4555 in
705 4493 766 4558 hac
783 4495 856 4557 aula
870 4516 962 4559 sacra
976 4495 1150 4559 servabitur
1164 4515 1228 4573 ara,

541 4596 624 4661 Cum
639 4591 733 4678 polus
748 4604 780 4657 et
791 4596 885 4659 tellus
900 4617 938 4660 ao
954 4595 1044 4680 ponti
1059 4595 1169 4659 flustra
1184 4594 1342 4673 fatiscant,
