3759 5425
644 756 799 803 seurota
813 756 858 801 sn
872 756 1047 813 scracrurr,
1063 755 1135 801 arc.
1354 741 1417 800 827

365 908 524 973 subnexis
537 910 687 994 precibus
702 918 851 993 satagens
868 912 957 974 velut
970 910 1063 974 flexis
1085 930 1223 992 genuum
1239 906 1416 994 poplitibus

365 1011 558 1095 suppliciter
571 1013 718 1097 imploro,
732 1025 769 1077 ut
781 1013 844 1077 hoc
861 1013 1062 1098 opusculum,
1076 1032 1142 1095 quo
1158 1010 1414 1075 manifestissime

366 1112 549 1178 declaratur
574 1114 662 1200 quod
686 1128 743 1181 tua
765 1116 874 1199 sagaci
898 1114 1078 1181 eruditione
1104 1134 1170 1179 non
1195 1114 1358 1191 livescam,
1384 1120 1417 1175 et

367 1223 500 1281 suenua
512 1218 721 1283 instructione
743 1240 808 1283 non
831 1220 1006 1295 tabescam,
1021 1226 1132 1283 contra
1153 1238 1265 1281 omues
1285 1216 1416 1281 aemulo·

369 1322 452 1382 rum'
470 1322 648 1403 catapultas
671 1332 703 1385 et
726 1332 882 1385 venenata
906 1322 1103 1403 garrulorum
1123 1320 1244 1406 jacula,
1273 1338 1346 1403 quas
1376 1316 1417 1381 de

368 1422 522 1505 pharetra
545 1422 670 1507 obliqui
691 1423 803 1487 livoris
830 1424 1020 1506 plerumque
1049 1423 1232 1508 intorquere
1260 1423 1417 1500 nituntur,

367 1523 631 1608 inexpugnabilis
652 1536 822 1589 metrorum
837 1526 926 1610 pelta
947 1536 979 1589 et
999 1526 1288 1590 Grammaticorum
1305 1542 1419 1608 parma

368 1637 536 1709 protegere
550 1626 701 1709 digneris,
714 1628 842 1711 meique
855 1628 977 1692 laboris
991 1626 1190 1708 industriam,
1205 1628 1233 1691 si
1250 1627 1315 1691 voti
1330 1645 1417 1691 com·

369 1737 480 1811 potam
509 1750 651 1793 summm
681 1730 812 1813 Olympi
844 1740 992 1813 regnetur
1019 1730 1170 1805 effecerit,
1199 1738 1288 1793 tanto
1323 1726 1417 1791 velim
1485 1716 1489 1725 ’

370 1829 497 1893 devotae
531 1830 648 1895 mentis
677 1833 827 1896 affectum
859 1830 1043 1910 ostendens,
1073 1832 1200 1896 enixius
1233 1830 1356 1895 mireris
1385 1822 1426 1891 et

371 1932 504 1996 uberius
527 1934 696 2013 venereris,
718 1945 754 1998 ut
781 1934 845 1999 hoc
871 1934 914 1998 sit
939 1932 1086 2019 quaedam
1112 1934 1204 1999 sessu
1227 1932 1326 1997 menti
1350 1942 1418 1995 rata

369 2036 675 2119 recompensationis
688 2036 804 2119 portio,
819 2057 857 2100 ac
879 2038 989 2100 oblatu
1009 2036 1275 2102 remunerationis
1295 2032 1416 2099 vicissi-

368 2135 461 2214 tudo,
490 2147 612 2221 quanto
641 2149 769 2205 constat
794 2139 954 2203 neminem
983 2148 1099 2205 nostrae
1129 2138 1237 2223 stirpis
1270 2134 1420 2222 prosapia

370 2240 525 2321 genitum,
539 2250 574 2303 et
587 2240 787 2305 Germanicas
810 2242 915 2322 gentis
930 2242 1098 2306 cunabulis
1121 2240 1295 2318 confotum,
1310 2240 1344 2301 iu
1358 2238 1417 2301 hu·

364 2340 550 2425 juscemodi
568 2344 699 2424 negotio
721 2354 795 2407 anta
816 2354 959 2408 nostram
979 2342 1232 2407 mediocritatem
1254 2350 1419 2421 tantopere

371 2442 557 2521 desudasse,
585 2445 851 2529 propriorumque
882 2456 1071 2527 argumenta
1099 2444 1297 2526 ingeniorum
1322 2440 1420 2525 juxta

371 2545 512 2609 metricae
538 2546 615 2609 artis
643 2545 861 2631 disciplinam,
885 2546 1049 2609 literarum
1078 2554 1203 2609 textum
1232 2541 1416 2606 tradidisse:

370 2647 546 2731 praesertim
560 2648 644 2713 iuter
664 2660 713 2713 tot
734 2659 904 2731 tantosque
927 2647 1126 2712 secularium
1149 2667 1252 2711 rerum
1267 2643 1418 2709 tumultu-

371 2761 464 2814 antes
477 2752 628 2836 strepitus
643 2752 864 2830 constitutum,
876 2762 909 2814 ct
922 2750 1142 2814 ecclesiastica
1153 2748 1322 2844 pastoralis
1336 2767 1419 2810 curoe

371 2853 588 2916 sollicitudine
608 2853 806 2938 depressum,
820 2853 937 2937 quibus
952 2873 1042 2916 mens
1063 2852 1251 2916 meticulosa
1272 2871 1309 2913 ac
1332 2869 1419 2913 scru-

372 2956 489 3039 pulosa
502 2956 596 3041 quasi
610 2954 750 3039 quodam
772 2955 950 3018 arctissimo
970 2965 1153 3018 catenarum
1173 2952 1328 3038 repagulo
1343 2971 1420 3014 con-

372 3056 547 3138 stringitur.
592 3058 669 3121 Non
689 3058 774 3122 enirn
796 3058 858 3122 hoc
879 3057 1071 3142 proferendo
1090 3055 1259 3122 horrendis
1280 3053 1420 3140 superci-

372 3160 489 3224 liorum
501 3161 620 3246 jaculis
642 3183 693 3224 me
714 3161 946 3226 vulnerandum
969 3164 1113 3242 arbitror,
1128 3182 1232 3246 neque
1254 3159 1420 3222 dirissimae

373 3263 522 3327 elationis
537 3260 671 3345 trugidae
693 3262 855 3345 phalarica
875 3263 1043 3328 confixum
1063 3265 1278 3348 perhorresco,
1294 3261 1320 3324 si
1341 3280 1420 3342 pau·

373 3364 474 3448 liaper
487 3364 529 3428 de
543 3365 678 3446 gratuite
699 3363 801 3428 divini
815 3365 957 3429 muneris
980 3367 1091 3446 gratia,
1108 3386 1188 3449 quae
1200 3362 1334 3443 singulis
1349 3359 1418 3444 qui·

374 3467 499 3550 busque
523 3487 590 3530 nou
617 3465 801 3529 meritorum
823 3465 1085 3546 praecurrentium
1114 3462 1334 3547 praerogativa,
1363 3459 1421 3524 sed

375 3569 511 3632 caelestis
535 3567 689 3632 beneficii
714 3565 938 3630 munificentia
963 3566 1124 3629 confertur
1152 3565 1251 3628 fretus
1277 3562 1420 3627 Domino

376 3670 501 3753 glorier.
545 3668 715 3755 Siquidem
729 3668 861 3732 illustris
874 3667 930 3731 ille
946 3667 1003 3751 qui
1018 3666 1161 3732 dicebat:

517 3783 621 3836 Primus
631 3800 682 3852 ego
692 3784 721 3836 in
732 3781 843 3853 patriam
853 3799 964 3845 meeum,
976 3779 1068 3851 (modo
1079 3781 1133 3834 rita
1144 3779 1281 3862 supersit,)

515 3869 603 3922 Aonio
613 3869 719 3922 rediens
729 3867 857 3922 deducam
867 3869 964 3921 vertice
977 3866 1078 3920 Musas.

517 3955 622 4008 Primus
634 3953 764 4007 Idumaeas
775 3951 887 4007 referam
898 3953 957 4018 tibi,
970 3952 1090 4018 Mantua,
1103 3951 1215 4025 palmas:

376 4073 409 4127 et
423 4061 626 4144 longiuscule
640 4059 726 4123 idem
741 4071 837 4144 poeta
850 4060 932 4123 inira
947 4059 1165 4144 prosequitur:

616 4175 693 4247 jurat
703 4173 819 4245 (inquit)
830 4174 869 4226 ire
876 4175 950 4247 jugis
962 4191 1014 4244 qua
1024 4171 1096 4226 nulla
1107 4175 1219 4246 priorum

519 4257 664 4313 Castaliam
674 4264 705 4312 ut
715 4257 787 4310 molli
799 4258 939 4311 devertitur
950 4259 1034 4311 orbita
1041 4257 1126 4322 cliro;

378 4371 441 4434 hoc
469 4367 630 4452 (inquam)
658 4367 714 4430 ille
742 4365 927 4430 versificans
957 4364 1133 4446 significari
1161 4366 1271 4438 voluit,
1300 4365 1423 4429 nullum

379 4482 451 4535 ante
466 4491 501 4533 se
516 4469 705 4533 Latinorum
719 4468 880 4550 Georgica
897 4466 1026 4532 Romuli
1046 4468 1265 4554 descripsisse,
1280 4468 1425 4554 quamvis

382 4571 544 4636 Hesiodus
569 4583 603 4635 et
627 4573 790 4636 Homerus
812 4583 845 4636 et
866 4571 971 4635 caeteri
994 4570 1101 4635 Graeci
1126 4570 1354 4636 disertitudinis
1379 4572 1424 4636 sa-
