3759 5425
468 614 532 673 262

746 626 901 675 nrrsrom
916 629 961 675 an
975 626 1153 688 aermon,
1168 627 1240 675 arc.

556 779 700 843 Vocibus
714 779 880 845 horrendis
893 782 1061 846 stimulans
1074 782 1108 845 in
1122 782 1211 845 bella
1224 781 1378 845 cohortes.

555 879 682 944 Idcirco
697 880 833 945 reboans
847 890 937 943 tento
952 883 1092 946 clsmoro
1104 882 1234 958 resulto,

555 981 651 1055 Quod
665 982 753 1046 nulla
767 980 901 1047 interius
914 982 1078 1047 retrudunt
1092 982 1214 1046 viscera
1228 1003 1356 1047 vocem:

556 1081 694 1166 Spiritus
708 1082 742 1145 in
756 1090 824 1147 toto
840 1081 898 1147 sod
912 1093 1048 1163 regnant
1062 1103 1196 1167 corpore
1210 1085 1319 1148 flabra.

555 1182 692 1247 Garruln
704 1203 756 1245 me
771 1183 888 1265 poterit
900 1203 1065 1266 nunquam
1080 1204 1228 1267 superero
1243 1182 1363 1261 cicada,

555 1283 621 1346 Aut
634 1292 746 1365 arguta
759 1282 855 1346 simul
870 1294 1006 1348 canuno
1019 1284 1159 1347 luscinia
1172 1285 1293 1363 nucis3

556 1384 661 1457 Quam
675 1384 786 1465 lingue
801 1385 931 1467 propria
946 1383 1059 1448 dieunt
1073 1386 1287 1450 Acalanthida
1302 1386 1400 1449 Graii.

886 1493 917 1549 o.
943 1485 996 1550 De
1011 1494 1097 1551 tono.

555 1586 688 1670 Semper
702 1586 827 1650 habens
842 1586 956 1651 virides
970 1586 1132 1651 frondenti
1146 1588 1181 1650 in
1197 1608 1331 1671 corpore
1345 1588 1459 1663 crines,

555 1688 716 1770 Tempore
730 1707 797 1751 non
813 1688 880 1751 ullo
895 1686 1054 1753 viduabor
1068 1688 1208 1771 tegmine
1221 1688 1338 1771 spisso,

556 1788 681 1853 Circius
695 1798 729 1852 et
744 1790 865 1852 Boreas
880 1790 1028 1874 quamvis
1041 1799 1074 1853 et
1086 1790 1218 1853 flemina
1232 1789 1329 1854 Carrri

555 1889 686 1951 Viribus
700 1888 866 1953 horrendis
880 1887 1030 1954 studeant
1044 1898 1184 1953 evertere
1199 1889 1344 1955 dondes:

556 1987 622 2053 Sed
636 2011 688 2053 me
702 1989 884 2072 pestiferam
899 1988 1044 2053 focerunt
1059 1989 1124 2053 t'ata
1138 2010 1275 2069 reorum,

556 2090 704 2173 Cumque
718 2101 894 2153 venenatus
908 2089 1017 2171 gliscit
1031 2089 1073 2154 de
1088 2112 1222 2176 corpore
1237 2092 1346 2180 stipes,

556 2190 717 2254 Lurcones
730 2190 835 2253 rubidi
851 2210 946 2274 quem
962 2199 1098 2275 carpunt
1111 2192 1247 2257 rictibus
1261 2194 1325 2257 oris

555 2290 677 2354 Occido
691 2288 899 2354 mandentum
915 2312 994 2355 mox
1009 2293 1101 2375 plura
1115 2293 1272 2359 cadavera
1284 2294 1381 2359 letho.

855 2399 886 2457 6.
911 2393 964 2456 De
980 2394 1119 2458 Oolosro.

554 2496 670 2560 Omnia
684 2496 827 2560 membra
840 2495 921 2559 mihi
935 2497 1108 2580 plasmavit
1122 2498 1266 2581 corporis
1280 2510 1399 2573 auctor,

554 2599 624 2663 Nec
639 2608 746 2662 umen
761 2618 804 2661 ex
819 2596 932 2661 eodem
946 2599 1160 2663 membrorum
1174 2600 1286 2664 munia
1298 2598 1430 2683 sumpsi,

553 2700 688 2782 Pergere
703 2722 764 2764 neo
781 2700 911 2784 plantis,
925 2701 1030 2765 oculis
1043 2721 1105 2765 noc
1120 2721 1250 2766 cernere
1265 2723 1407 2787 possum.

554 2801 746 2887 Quanquam
759 2821 848 2864 nuno
863 2803 983 2884 patule
997 2810 1148 2865 constent
1161 2802 1222 2865 sub
1237 2803 1339 2866 fronte
1353 2802 1505 2875 senesuae,

555 2901 673 2965 Nullus
688 2901 852 2964 anhelanti
866 2901 1014 2984 procedlt
1027 2901 1148 2965 viscere
1162 2903 1268 2966 flatus.

554 2999 687 3086 Spicula
698 3020 760 3064 nec
776 3000 911 3083 geminis
926 3001 1011 3065 nitor
1024 3012 1172 3084 torquere
1186 3003 1324 3066 lacertis

556 3103 633 3166 Heu
647 3101 762 3166 frustra
775 3103 875 3168 factor
890 3101 1051 3166 confinxit
1065 3123 1182 3187 corpus
1196 3123 1336 3182 enorme,

552 3202 645 3268 Totis
659 3204 873 3267 membrorum
889 3201 965 3266 dum
980 3202 1109 3266 fraudor
1122 3205 1269 3270 sensibus
1282 3205 1378 3270 intus.

854 3309 883 3366 7.
908 3302 961 3364 De
975 3301 1130 3367 Msutelo.

553 3405 705 3468 Discolor
718 3405 752 3467 in
767 3424 881 3468 curvas
896 3403 1036 3467 deflecto
1055 3406 1200 3468 membra
1214 3426 1367 3470 cavernas

553 3506 683 3588 Pugnae
697 3524 852 3568 exercens
869 3502 937 3568 dira
953 3524 1028 3568 cum
1042 3513 1140 3588 gente
1155 3503 1343 3583 draconum,

553 3607 629 3670 Non
644 3625 705 3686 ego
720 3603 838 3668 dilecta
851 3615 998 3684 turgesco
1013 3605 1103 3688 prole
1119 3604 1244 3683 mariti;

554 3710 625 3773 Nec
641 3707 793 3772 foecunda
807 3708 873 3770 viro
889 3707 1034 3771 sobolem
1050 3708 1097 3772 sic
1111 3707 1215 3771 edidit
1228 3710 1332 3785 alvus,

552 3807 704 3874 Residuae
719 3820 836 3874 matres
849 3819 886 3873 ut
900 3818 1030 3873 sumunt
1040 3810 1162 3875 semina
1175 3821 1297 3894 partus,

552 3908 637 3974 Cum
651 3909 755 3994 magis
770 3929 811 3976 ex
826 3929 910 3972 nurse
925 3921 1130 3993 praegnentur
1142 3911 1267 3975 viscera
1280 3912 1370 3989 flatu,

552 4011 587 4075 Si
599 4031 674 4086 sero
689 4014 794 4096 proles
808 4011 928 4095 patitur
942 4010 1128 4077 discrimina
1140 4015 1259 4092 mortis,

552 4112 653 4176 Dicor
666 4112 785 4178 habere
799 4111 912 4176 rudem
928 4133 1130 4196 componens
1144 4125 1210 4178 arto
1226 4113 1393 4178 medelam.

866 4216 895 4276 8.
920 4211 974 4275 De
989 4213 1110 4277 Ariete.

553 4313 629 4376 Sum
645 4333 782 4395 namquo
798 4324 936 4378 armatus
951 4314 1076 4395 rugosis
1092 4316 1245 4380 cornibus
1259 4316 1403 4394 horrens,

554 4411 680 4478 Herbas
695 4434 838 4478 arvorum
852 4415 966 4481 buccis
982 4415 1121 4500 decerpo
1137 4417 1286 4493 virentes,
