3759 5425
470 710 529 768 toa

777 731 820 776 llll
836 731 1003 780 unumve
1018 735 1198 782 vtltomutt.

551 877 635 942 Hoec
651 879 782 965 inquam
796 883 886 966 virgo
901 887 1025 950 coelesti
1040 888 1120 952 srcta
1133 899 1279 973 patrono,

556 977 736 1046 Contemsit
749 983 903 1048 mundum
918 987 998 1050 felix
1014 1007 1088 1051 eum
1103 988 1182 1052 flore
1196 990 1362 1068 virentem,

552 1078 651 1144 Arida
665 1101 726 1145 ceu
739 1083 842 1165 palen
856 1085 1000 1168 projecta
1012 1087 1196 1170 peripsema
1209 1089 1366 1171 squalent.

552 1183 664 1267 thue
677 1184 780 1266 magis
794 1193 934 1270 stupeas,
949 1207 1106 1252 mmorem
1123 1187 1250 1252 adverte
1264 1198 1441 1274 parentum

550 1283 635 1347 Nam
651 1293 742 1368 pater
756 1297 891 1367 anguste
905 1308 1076 1369 regnorum
1092 1299 1219 1372 sceptra
1233 1291 1427 1372 gubernans,

551 1384 726 1468 Imperium
741 1385 866 1466 mundi,
879 1386 1009 1452 Christo
1022 1399 1187 1471 regnante,
1202 1390 1340 1472 regebat,

550 1482 616 1555 Qui
633 1483 865 1550 Constantinus
878 1508 998 1552 nomen
1014 1489 1143 1554 sortitur
1156 1490 1190 1553 in
1206 1511 1319 1554 sevum.

551 1583 618 1648 Hic
633 1586 776 1649 sobolem
790 1599 934 1663 sanctam
950 1591 1030 1653 miro
1046 1588 1160 1655 dilexit
1174 1611 1291 1668 amore,

550 1683 639 1746 Dum
653 1685 726 1748 vitm
741 1687 854 1749 merito
868 1688 932 1752 late
947 1691 1110 1772 praeconia
1125 1697 1265 1767 cursant,

549 1785 653 1859 Quam
669 1794 760 1869 pater
774 1786 926 1851 intactam
943 1809 1087 1852 summus
1102 1791 1163 1854 sub
1179 1788 1253 1852 dote
1268 1785 1456 1871 spopondit,

550 1887 645 1952 Felix
659 1887 808 1970 virgineis
823 1909 897 1953 enm
907 1889 977 1974 jam
990 1891 1183 1975 pubesceret
1197 1890 1299 1954 aunis.

549 1991 701 2076 Namque
715 2011 812 2075 proco
827 1993 940 2070 fueram,
955 2013 1020 2077 quo
1035 2015 1102 2058 non
1118 1993 1319 2078 prestantior
1333 1992 1423 2068 alter,

551 2091 706 2176 (Regibus
721 2093 876 2176 exceptis,
892 2094 949 2177 qni
964 2094 1120 2158 mundum
1134 2093 1203 2178 jure
1218 2094 1396 2175 gubernant
1405 2093 1426 2170 :l

547 2194 752 2278 Desponsata
765 2194 878 2276 probo,
892 2195 997 2278 pactis
1012 2196 1216 2278 sponsalibus
1228 2193 1339 2258 arrhas.

548 2293 615 2359 Sed
630 2296 720 2359 Deus
734 2296 895 2378 integrum
909 2307 1058 2380 satagens
1072 2317 1194 2360 serrare
1209 2295 1360 2379 puellm,

547 2395 692 2480 Satrapes
706 2406 846 2461 mentem
861 2397 999 2462 stimulis
1013 2397 1202 2481 compungit
1214 2396 1328 2472 acutis,

549 2496 709 2560 Funditus
723 2509 758 2560 nt
771 2516 907 2581 pompas
922 2495 1010 2561 saecli
1025 2497 1198 2580 sprevisset
1212 2495 1345 2578 opimas,

547 2597 663 2661 Mallet
677 2608 710 2661 et
722 2596 874 2661 immunis
886 2597 955 2678 regi
969 2597 1149 2661 famularier
1162 2598 1238 2674 alto,

548 2698 684 2764 Deliciis
698 2697 810 2764 mundi
824 2718 921 2783 quam
935 2699 1096 2781 opulentis
1111 2697 1227 2781 degere
1243 2695 1340 2761 dives.

549 2800 612 2865 Cui
627 2801 675 2864 sic
690 2801 795 2864 evenit
808 2798 955 2864 miranda
967 2800 1081 2865 salutis
1096 2802 1196 2883 origo,

546 2902 707 2986 Tempore
720 2924 795 2967 nam
810 2901 953 2986 quodam
968 2901 1046 2965 diris
1060 2902 1221 2967 exercitus
1236 2900 1330 2965 armis

546 3004 718 3088 Scythicus
732 3003 907 3068 adveniens
921 3002 1023 3068 densa
1037 3004 1174 3089 stipante
1189 3014 1324 3082 osterra,

545 3106 707 3170 Hostibus
721 3104 896 3170 innumeris
910 3106 1085 3171 'l'hrnciam
1099 3105 1244 3169 vastabat
1257 3104 1402 3169 inertem.

545 3203 632 3267 Tum
648 3224 745 3285 gener
758 3202 895 3285 Augusti
909 3204 1045 3267 vallatus
1060 3203 1161 3267 milite
1175 3224 1274 3287 parvo

545 3305 713 3369 Moenibns
725 3305 881 3382 inclusus,
894 3325 973 3368 mox
987 3306 1230 3388 propugnacula
1243 3304 1380 3383 scandit,

544 3406 650 3471 Armis
665 3404 790 3485 diffisus
804 3425 889 3469 saevo
903 3416 1066 3487 grassante
1080 3406 1230 3481 tumultu,

544 3508 643 3571 Esset
654 3516 691 3571 ut
705 3505 864 3570 horrenda
877 3506 1072 3569 crudescens
1086 3506 1196 3570 mortis
1210 3506 1325 3590 imago,

542 3610 588 3673 Et
602 3607 788 3691 desperatus
802 3614 943 3691 torperet
956 3606 1048 3671 miles
1061 3606 1095 3669 in
1106 3608 1196 3671 urbe.

543 3712 637 3776 Τιιηο
652 3711 776 3776 Consul
789 3710 903 3789 Panlo,
917 3728 979 3773 nec
994 3731 1061 3774 non
1075 3708 1222 3773 hortante
1236 3710 1373 3789 Joanne,

542 3814 654 3897 Ocyus
666 3813 798 3877 excelso
813 3811 948 3875 devotus
963 3822 1037 3874 vota
1050 3809 1236 3896 spopondit,

542 3917 590 3980 Ut
602 3912 753 3978 salvatori
766 3911 924 3996 reliquum
939 3910 1067 3975 serviret
1080 3910 1114 3973 in
1131 3931 1232 3975 aevum

542 4016 739 4082 Christicola
753 4015 869 4092 clarus,
883 4010 1017 4076 delubra
1031 4022 1157 4077 vetusta
1170 4010 1365 4094 relinquens,

541 4118 577 4185 Si
591 4118 705 4202 populi
720 4128 851 4199 strages,
866 4125 899 4178 et
913 4134 999 4179 saeva
1012 4114 1134 4198 pericla
1149 4113 1248 4179 duelli

541 4219 694 4284 Pretium
707 4216 844 4281 auferret
858 4216 953 4279 solita
966 4215 1136 4278 clementia
1151 4216 1282 4294 Christi,

541 4319 742 4403 Temperiem
758 4316 895 4382 reddens
910 4315 1056 4381 discusso
1070 4318 1198 4381 turbine
1212 4318 1300 4381 belli.

542 4423 624 4495 Qus
639 4440 713 4485 cum
728 4416 814 4485 dicta
826 4419 929 4483 forent
944 4416 1131 4501 spondentis
1145 4438 1224 4480 voce
1240 4426 1415 4501 sequestra,

539 4520 715 4604 Extemplo
730 4518 849 4583 Christi
864 4518 965 4583 sensit
979 4518 1093 4583 solatia
1106 4526 1231 4602 praetor,
