3759 5425
482 653 545 712 1⁰⁶2
677 665 899 714 asseruntur
916 665 1075 714 ansrena
1087 667 1134 715 au
1147 665 1376 716 munuum·
1656 343 1666 761 i

479 825 624 896 summo,
634 819 744 901 regula
754 820 904 884 enucleat
917 828 951 884 et
965 819 1155 886 trutinatum
1164 829 1199 884 et
1211 821 1247 883 in
1257 820 1538 907 LXXeeuquan·

480 920 561 986 tium
582 940 728 986 versuum
752 921 914 1000 formulas,
929 943 1009 986 casu
1029 921 1076 986 ita
1089 922 1290 1004 obtingente,
1308 934 1353 1001 et,
1370 934 1409 987 ut
1429 923 1539 987 verius

479 1020 596 1101 dicam,
619 1039 768 1106 supernus
793 1020 1046 1105 dispensationis
1064 1031 1147 1084 nutu
1169 1020 1368 1100 moderante,
1381 1021 1536 1088 divisum

479 1123 623 1190 Tertium
647 1144 778 1209 quoqne
804 1143 873 1188 nen
898 1121 1017 1208 pedum
1039 1143 1191 1188 mensura
1215 1121 1451 1202 elucubratum,
1474 1125 1536 1188 aed

480 1226 606 1290 octonis
631 1225 766 1307 syllabis
793 1225 828 1289 iu
857 1226 923 1290 imo
953 1225 1101 1308 quolibet
1129 1246 1223 1290 versu
1252 1227 1440 1308 compositis
1469 1247 1538 1291 una

482 1325 659 1413 eademque
684 1327 777 1392 litera
805 1327 1011 1411 compuribus
1037 1327 1196 1392 linearum
1218 1326 1400 1392 tramitibus
1423 1339 1537 1413 aptata

480 1429 600 1494 cursim
634 1431 758 1493 calamo
792 1437 962 1513 perarante
997 1440 1185 1494 mmmmm
1218 1429 1290 1508 tibi,
1325 1431 1537 1512 mgaeimime

481 1539 577 1610 sator,
607 1532 826 1596 transmittens
855 1529 972 1595 dicavi
1030 1531 1179 1596 Medium
1207 1553 1282 1596 vere
1308 1552 1383 1596 meo
1411 1541 1535 1615 muqrae

480 1633 590 1697 clienti
620 1630 784 1696 Winfrido
807 1631 848 1696 de
870 1633 1074 1698 transmarini
1097 1633 1224 1698 scilieet
1245 1633 1371 1698 itineris
1391 1633 1535 1716 peregri·

481 1734 623 1810 natione,
645 1733 814 1798 simillimis
837 1733 953 1798 itidem
974 1755 1124 1799 rensuum
1153 1745 1188 1799 et
1212 1735 1407 1819 syllabarum
1435 1735 1536 1799 linem

481 1835 664 1899 confectum
695 1845 921 1918 representans
953 1837 1096 1920 porrexi.
1154 1838 1239 1902 Haeo
1268 1836 1390 1902 ideireo
1420 1851 1535 1904 resne

478 1935 692 2001 beatitudinis
705 1935 898 2001 venerandis
912 1938 1083 2002 obtumum
1093 1939 1270 2003 luminibus
1283 1940 1537 2022 representauda

479 2036 548 2100 sors
562 2036 778 2101 necessarium
792 2036 885 2115 duxi,
899 2037 989 2122 quod
1003 2049 1122 2103 nostras
1141 2039 1309 2123 parvitatis
1316 2037 1444 2124 judicio
1459 2040 1535 2124 dig-

480 2158 557 2201 num
583 2159 654 2202 esse
673 2138 776 2203 risum
802 2151 860 2218 est,
886 2160 1014 2203 omnem
1038 2140 1112 2217 tibi,
1133 2151 1247 2224 utpote
1274 2140 1369 2224 patri,
1390 2161 1536 2205 mearum

478 2238 654 2303 litterarum
669 2239 898 2306 editiunculam
913 2242 1052 2325 primum
1066 2242 1212 2325 pandens
1226 2245 1437 2327 propalarem,
1453 2263 1535 2327 qua·

479 2350 574 2403 tenus
588 2349 700 2404 vestra
711 2339 916 2405 sublimitatis
930 2340 1091 2424 probabili
1101 2341 1234 2406 rationis
1243 2341 1371 2426 judicio
1385 2362 1534 2425 eompre-

479 2443 566 2519 bats,
575 2450 607 2504 et
621 2440 663 2504 ad
677 2441 840 2524 aequitatis
851 2443 1030 2507 normulam
1042 2442 1194 2523 derivata,
1209 2445 1361 2508 omnibus
1375 2443 1533 2528 deinceps

479 2541 634 2605 leetomm
671 2542 956 2608 numerositatibus
985 2544 1196 2628 aceeptabil‘n
1224 2551 1327 2609 extat.
1380 2545 1462 2609 Vale
1498 2544 1533 2609 in

480 2639 620 2706 Christo.
