3759 5425
447 739 511 800 alt

701 757 746 802 DE
762 759 846 804 00'f0
861 756 1117 806 salacissimus
1131 757 1242 802 virus,

534 909 623 971 Dum
635 909 740 974 furvas
754 912 842 974 verbi
857 921 1006 996 quierunt
1018 913 1051 975 in
1067 913 1139 976 luce
1155 911 1315 986 tenebras,

533 1010 700 1094 Plenaque
714 1013 869 1076 rimantur
882 1023 981 1075 tortas
994 1032 1053 1094 per
1066 1032 1139 1076 rure
1154 1012 1317 1075 salebras:

535 1111 645 1175 Litere
659 1113 686 1175 si
700 1114 829 1192 titubet,
840 1115 892 1177 vel
906 1124 992 1177 certe
1007 1114 1131 1196 syllaba
1144 1123 1246 1188 nutet,

536 1216 570 1277 Si
585 1236 697 1298 genus,
713 1230 769 1282 aut
782 1237 944 1290 numerus,
960 1218 1010 1278 vel
1026 1237 1120 1282 cesus
1135 1217 1176 1279 ab
1193 1213 1306 1278 ordine
1321 1210 1426 1286 cedat,

535 1316 571 1379 Si
585 1337 724 1400 persona
737 1319 857 1402 triplex
871 1329 1009 1397 maneat,
1024 1317 1212 1402 duplexque
1226 1314 1344 1396 figura:

537 1417 720 1503 Quinquies
735 1431 767 1483 et
779 1431 908 1484 current
922 1421 1092 1484 verborum
1108 1429 1254 1501 tempora
1267 1415 1347 1479 rite:

535 1518 606 1582 Nec
621 1531 729 1583 temen
744 1518 917 1584 emendent
930 1520 1099 1584 timbentis
1114 1537 1258 1600 gramnm
1271 1523 1388 1599 poete,

538 1618 603 1682 Sed
617 1641 741 1704 semper
755 1621 892 1703 cupiunt
906 1621 1094 1704 scriptorum
1111 1638 1241 1702 carpere
1256 1615 1391 1684 cherma·

537 1717 586 1782 Ut
599 1739 697 1802 ceper
712 1721 855 1784 hirsutus
868 1720 956 1784 rodit
970 1742 1044 1785 cum
1061 1721 1156 1784 deute
1170 1738 1326 1793 racemos,

537 1824 687 1887 Floribus
702 1844 859 1887 evacuans
873 1823 1034 1887 frondenti
1049 1823 1181 1905 palmite
1197 1821 1289 1896 sites,

536 1924 601 1996 Qui
617 1924 779 2008 quondam
794 1925 884 1988 vexit
897 1926 1011 2008 populi
1027 1926 1062 1988 iu
1077 1923 1202 1988 deserta
1216 1921 1379 2006 piaclum3

537 2023 721 2088 sanxerunt
734 2026 849 2089 veteris
864 2025 951 2110 quod
967 2027 1048 2090 scita
1062 2023 1237 2089 voluminis
1252 2020 1346 2084 alme

536 2125 631 2188 Talia
644 2123 701 2188 sed
712 2126 844 2191 timidus
858 2126 1017 2192 dictorum
1034 2129 1097 2192 tela
1111 2133 1276 2212 pavescat,

538 2225 601 2297 Qui
618 2226 755 2310 propriis
769 2247 933 2312 nunquam
950 2227 1085 2292 confidit
1098 2226 1233 2310 belliger
1248 2223 1358 2287 armisc

538 2325 673 2390 Casside
686 2347 748 2391 nec
764 2329 864 2411 capiti
879 2328 976 2393 discit
989 2328 1188 2412 praetendere
1201 2325 1306 2400 metri,

537 2428 608 2492 Nec
623 2427 748 2511 spinam
762 2429 864 2492 lorice
878 2428 984 2492 noscit
999 2427 1168 2493 defendere
1183 2447 1302 2511 prosas:

536 2531 647 2592 Armet
661 2529 718 2593 sed
733 2528 879 2592 dextram
895 2531 1043 2613 capulus,
1058 2550 1118 2593 ceu
1128 2548 1239 2613 parma
1253 2525 1421 2598 sinistram,

536 2631 702 2715 Creteque
715 2652 781 2694 nou
796 2641 927 2694 careant
941 2631 1054 2711 ocreis,
1067 2650 1129 2693 nec
1144 2628 1277 2693 foemina
1290 2626 1383 2702 ferro,

538 2734 612 2796 Nou
627 2734 738 2797 timeat
752 2733 890 2815 scriptor
903 2734 1052 2797 terrentis
1065 2732 1191 2796 ludrica
1204 2732 1334 2812 linguar.

538 2834 622 2896 Nam
639 2836 790 2897 tremrdos
803 2846 899 2897 terret
912 2834 1078 2898 nocturnis
1091 2834 1180 2897 larva
1194 2832 1337 2908 latebris,

537 2936 618 3006 Quae
634 2935 716 2997 solet
727 2935 763 2997 in
777 2934 875 2997 furvis
887 2954 1013 3018 semper
1027 2934 1145 3016 garrire
1160 2933 1311 3009 tenebris,

538 3035 591 3098 Sic
607 3055 737 3118 quoque
751 3036 953 3101 mascharum
968 3036 1066 3100 facies
1080 3036 1210 3100 cristata
1223 3032 1364 3111 secessit,

537 3134 620 3198 Cum
634 3135 765 3212 larvam,
780 3149 813 3199 et
825 3157 968 3201 mascam
983 3137 1077 3200 miles
1091 3156 1157 3199 non
1172 3136 1300 3199 horreat
1314 3132 1435 3211 audax,

540 3238 604 3310 Qui
619 3236 748 3320 proprio
762 3238 860 3302 fretus
874 3239 1041 3323 praesumit
1054 3236 1153 3302 fidere
1168 3249 1293 3323 questu.

578 3338 662 3402 Cum
677 3338 721 3401 sit
734 3337 879 3420 digestus
894 3352 1076 3405 sauctorum
1092 3361 1190 3405 sexus
1205 3352 1337 3425 uterque

539 3441 611 3504 Alta
624 3460 834 3523 supernorum
850 3442 907 3523 qui
922 3441 1084 3505 scendunt
1097 3462 1173 3506 arva
1186 3444 1348 3526 polomm:

537 3543 748 3626 Octonusquo
764 3544 859 3605 simul
870 3543 999 3626 peccati
1014 3545 1160 3609 calculus
1174 3546 1234 3608 atri

538 3645 718 3729 Expositos
732 3648 842 3728 gracili
858 3648 1025 3711 verborum
1041 3650 1132 3712 cleve
1147 3657 1312 3732 patenter3

537 3749 642 3821 Quem
654 3748 745 3811 Deus
760 3769 780 3811 a
793 3750 893 3811 nostri
908 3748 1055 3813 detrudet
1070 3750 1211 3833 pectoris
1225 3762 1317 3815 antro
1329 3774 1338 3827 3

537 3849 583 3911 Et
596 3849 720 3931 procul,
735 3847 770 3910 in
785 3848 889 3911 firrvas
899 3848 1033 3931 emigret
1046 3851 1120 3914 lucc
1135 3851 1293 3915 tenebras.

537 3952 635 4014 Nunc
650 3952 683 4013 in
698 3949 763 4013 fine
776 3970 901 4033 precor,
915 3970 1043 4033 prosam
1058 3963 1258 4036 metrumque
1273 3954 1427 4035 legentes,

540 4051 616 4115 Hoc
631 4070 715 4133 opus
729 4061 765 4115 ut
780 4050 889 4114 cuncti
903 4051 1057 4115 rimentur
1070 4064 1178 4117 mente
1192 4053 1347 4135 benigne,

538 4154 626 4217 Dum
641 4152 761 4236 patulis
775 4154 912 4215 lustrent
926 4163 1052 4218 textum
1067 4156 1126 4219 sub
1143 4156 1245 4219 fronte
1259 4156 1416 4219 fenestris.

537 4253 631 4326 Quod
646 4253 812 4336 geminum
828 4264 954 4318 constat
968 4252 1116 4319 discretis
1132 4257 1212 4320 forte
1225 4256 1354 4329 libellis,

540 4356 584 4419 Ut
598 4354 676 4417 mibi
692 4376 765 4419 cum
781 4356 932 4438 precibus
947 4358 1073 4439 peccati
1088 4358 1195 4423 vincla
1210 4358 1380 4431 resolvant,

539 4456 583 4517 lit
597 4456 734 4535 pretium
749 4457 822 4519 libri
834 4456 980 4541 pendant
995 4460 1134 4523 oramine
1150 4462 1273 4535 crebro,

537 4558 704 4627 Quatenus
716 4558 886 4622 ethereum
904 4560 960 4639 qui
974 4572 1075 4625 servat
1089 4562 1231 4645 regmine
1249 4582 1392 4643 regnum,
