3759 5425
447 715 507 778 148

769 737 812 780 DE
828 737 992 782 LAUDIBUS
1007 739 1186 786 VIRGINUM.

528 889 602 953 Alta
616 896 824 972 supernorum
840 901 1012 975 patuemut
1022 895 1160 957 claustra
1174 895 1334 976 polorum:

525 989 656 1056 AEthera
672 993 759 1054 celsa
773 1000 887 1056 tonant
902 993 979 1057 dum
995 995 1077 1059 satur
1090 1006 1195 1060 rector
1209 997 1341 1082 Olympi

526 1093 737 1178 Compellans
752 1095 896 1159 sobolem
913 1098 1011 1160 verbo
1027 1109 1171 1160 currente
1186 1119 1244 1182 per
1258 1099 1407 1162 aethram:

525 1195 593 1258 Hic
608 1205 657 1258 est
670 1215 747 1259 ecce
763 1217 854 1259 meus
868 1196 1005 1260 dilectus
1020 1197 1114 1275 filius,
1128 1197 1216 1261 infit:

525 1295 629 1368 Quem
644 1295 723 1358 mihi
738 1297 932 1382 complacuit
947 1308 1046 1362 totum
1062 1319 1195 1380 regnare
1209 1320 1267 1385 per
1277 1301 1398 1365 orbem.

524 1398 661 1464 Coelitus
675 1397 717 1461 nd
732 1397 894 1462 Christum
908 1397 1077 1463 descendit
1091 1399 1229 1484 Spiritus
1244 1400 1358 1477 almus,

522 1499 679 1584 Praepetis
693 1498 865 1562 adveniens
874 1500 943 1583 jum
958 1521 1017 1584 per
1031 1502 1202 1566 simulacra
1216 1503 1395 1569 columbae:

523 1603 607 1666 Haec
623 1602 689 1666 avis
703 1601 822 1666 idcirco
837 1603 999 1667 confertur
1012 1605 1140 1668 flamine
1156 1625 1258 1685 sacro,

522 1704 599 1768 Sola
613 1714 701 1768 caret
715 1705 866 1788 quoniam
882 1702 1021 1769 crudelis
1036 1707 1111 1770 felle
1125 1707 1251 1786 veneni,

522 1806 648 1872 Caetera
662 1828 727 1890 quo
741 1806 871 1889 ringens
887 1809 1105 1873 stomachatur
1120 1819 1222 1873 turma
1236 1810 1415 1872 volucrum.

520 1908 616 1973 Mitia
630 1907 687 1972 sed
702 1919 803 1992 gestat
817 1909 1017 1973 candescens
1031 1910 1088 1974 ilia
1102 1931 1235 1995 praepes.

520 2011 663 2074 Plurima
676 2031 735 2094 pro
751 2008 879 2073 Christo
893 2011 1021 2094 patiens
1036 2020 1194 2075 tormenta
1207 2010 1382 2096 prophetes

521 2111 666 2176 Carceris
678 2111 828 2185 illuviem,
843 2122 876 2174 et
889 2111 994 2176 furvas
1009 2112 1078 2176 sine
1092 2113 1165 2177 luco
1179 2114 1317 2176 latebras

521 2213 656 2276 Pertulit
670 2213 785 2277 atrocis
800 2211 957 2276 damnans
972 2213 1137 2278 connubia
1150 2214 1244 2297 regis,

518 2314 583 2386 Qui
600 2313 829 2396 consanguinei
848 2312 987 2397 disrupit
1001 2314 1124 2378 foedera
1138 2315 1252 2393 fratris,

520 2415 673 2478 Germani
688 2415 862 2477 thalamum
878 2414 1038 2479 incestans
1054 2415 1122 2479 siue
1132 2415 1206 2500 jure
1221 2425 1371 2480 tororum.

517 2517 643 2581 Acriter
657 2515 777 2580 idcirco
794 2515 971 2599 compescit
986 2537 1066 2580 voce
1080 2527 1265 2601 tyrannum:

518 2619 593 2682 Non
609 2627 756 2681 metuens
770 2616 941 2680 furibunda
958 2618 1048 2681 necis
1059 2627 1217 2682 tormenta
1230 2617 1392 2682 nesandoe.

516 2720 667 2784 Protinus
682 2722 783 2783 effuso
798 2720 974 2783 rubuerunt
988 2720 1142 2801 sanguine
1157 2721 1278 2797 lances,

516 2822 602 2885 Dum
619 2836 717 2905 caput
731 2820 908 2884 abscissum
924 2820 1039 2904 populi
1053 2820 1095 2883 ad
1111 2822 1260 2885 convivis
1275 2830 1414 2899 vectant,

514 2920 611 2995 Quod
624 2920 737 3001 regina
751 2920 841 2983 ferox
855 2941 914 3004 per
927 2932 1034 2983 natam
1049 2920 1159 2985 fraude
1175 2922 1326 3006 poposcit

513 3022 651 3087 Scenica
665 3021 807 3103 virgineo
822 3030 1053 3085 monstrantem
1067 3022 1192 3087 ludicra
1206 3024 1299 3086 saltu.

514 3123 569 3187 Sic
584 3122 680 3202 igitur
693 3120 857 3185 Christum
873 3121 1013 3203 signavit
1026 3122 1192 3205 sauguinis
1207 3133 1303 3202 ostro,

515 3219 723 3287 Horrendum
738 3220 850 3284 mundi
864 3221 1075 3287 medicantem
1092 3226 1221 3287 vulnere
1236 3225 1314 3287 suln
1320 3244 1369 3303 us,

513 3326 600 3389 Dum
616 3322 720 3388 crucis
734 3324 766 3386 in
784 3325 894 3407 patulo
909 3344 1099 3409 suspensum
1117 3324 1225 3409 stipite
1241 3346 1353 3409 poenas

514 3428 652 3509 Cogeret
662 3426 821 3489 insontem
838 3425 990 3488 violentia
1005 3426 1085 3490 serre
1100 3438 1235 3489 reorum.

513 3530 567 3594 Sic
582 3540 689 3593 tamen
704 3538 846 3611 optatam
861 3536 1029 3592 senserunt
1043 3528 1140 3591 saecla
1154 3530 1290 3592 salutem

512 3631 602 3695 Dum
616 3631 709 3695 Deus
723 3629 764 3693 ad
780 3650 877 3711 vagas
892 3628 992 3693 Erebi
1008 3628 1219 3694 descenderet
1235 3630 1374 3707 umbras,

512 3734 629 3811 Ferrea
644 3730 802 3795 vectiferoe
814 3731 970 3793 fracturus
984 3730 1098 3793 limina
1112 3732 1211 3793 aalvae

509 3834 606 3897 AErea
619 3843 778 3917 portarum
793 3831 956 3914 quassavit
972 3832 1109 3896 claustra
1123 3839 1274 3895 tetrarum
1287 3854 1295 3907 ;

511 3934 558 3997 Ut
572 3932 742 3996 Psalmista
752 3930 842 4015 prius
855 3950 1002 4013 praesaga
1015 3951 1094 3995 voce
1109 3932 1255 3995 canebat.

508 4034 681 4097 Passurum
696 4030 809 4094 mundi
823 4051 975 4115 promens
990 4031 1023 4093 in
1039 4032 1128 4095 calce
1142 4040 1318 4095 tonantem.

551 4133 700 4196 Promere
714 4151 802 4195 nunc
816 4131 900 4194 nitar
911 4150 1041 4193 sacrum
1057 4152 1201 4195 sermone
1214 4131 1237 4195 J
1238 4152 1386 4210 oannem,

507 4234 572 4308 Qui
586 4234 647 4297 fuit
661 4232 827 4297 accubitor
841 4231 971 4297 Christo
986 4233 1185 4314 gratissimus
1201 4232 1298 4309 almo,

506 4336 641 4398 Pectore
656 4331 697 4396 de
714 4352 805 4396 sacro
820 4332 970 4395 sorbebat
985 4332 1120 4396 flumina
1135 4330 1260 4396 doctor:

507 4433 670 4498 Imbribus
684 4433 813 4495 oeternis
828 4432 938 4496 sitiens
953 4432 1126 4514 ingurgitat
1140 4432 1266 4497 alvum:

505 4531 636 4599 Florida
650 4533 706 4616 qui
720 4542 817 4597 castoe
831 4533 968 4596 servarit
982 4544 1125 4617 tempora
1141 4534 1225 4610 vitm,
