3759 5425
438 719 498 778 1le

758 733 802 778 D!
819 733 985 780 uauutsus
1001 733 1180 780 stltettttltt.

525 885 608 948 Mox
623 885 720 966 igitur
735 888 829 971 punit
842 889 992 970 praefatos
1007 889 1090 952 ultio
1104 898 1222 950 testes:

528 985 595 1058 Qui
610 989 816 1053 sacramentis
832 990 1031 1053 concinnant
1044 989 1160 1053 frivola
1173 987 1273 1062 falsis,

526 1087 573 1150 Et
587 1099 739 1153 temerare
754 1090 885 1154 student
897 1091 1060 1154 insontem
1074 1090 1209 1154 admine
1224 1097 1340 1152 ratem.

529 1191 594 1268 En,
608 1193 674 1256 lare
688 1195 821 1257 torrenti
836 1195 925 1258 testis
939 1194 1118 1274 conflagrat
1131 1191 1272 1276 iniquus,

528 1291 653 1356 Primus
669 1293 726 1377 qui
738 1293 838 1359 labris
852 1295 1007 1358 contorsit
1022 1294 1087 1358 tela
1101 1292 1259 1367 nefandis,

528 1391 678 1458 Prasulis
693 1405 730 1457 ut
743 1395 841 1459 vitam
856 1395 1015 1460 fuscarent
1030 1397 1127 1459 verba
1141 1394 1292 1475 maligne.

533 1493 684 1558 eulmina
694 1497 781 1560 celsa
795 1508 929 1581 crepant
942 1497 1053 1580 ignitis
1066 1507 1139 1561 usta
1153 1495 1283 1573 favillis,

533 1599 638 1681 Atque
652 1596 905 1682 propinquorum
921 1609 1041 1662 turmas
1055 1598 1277 1662 combusserat
1290 1591 1395 1658 ardor.

533 1697 589 1762 Sic
605 1717 732 1783 quoque
747 1697 940 1765 crudescens
955 1701 1113 1764 multabat
1125 1719 1224 1783 poma
1236 1695 1428 1773 meandum,

533 1798 651 1862 Morbo
665 1800 763 1882 regali
778 1801 951 1884 plectendo
965 1801 1072 1866 lurida
1084 1803 1239 1874 membra,

535 1899 650 1964 Donec
664 1911 852 1985 putrescens
866 1902 1009 1987 prodiret
1022 1913 1152 1987 pectore
1166 1903 1271 1965 flatus

535 2000 665 2066 Tertius
681 2002 811 2066 orbatus
825 2003 964 2084 geminis
979 2005 1041 2067 sub
1055 2003 1159 2066 fronte
1174 2000 1333 2074 fenestris,

537 2101 689 2186 Limpida
704 2101 779 2166 dum
795 2102 934 2167 tenebris
949 2103 1140 2167 clauduntur
1154 2103 1278 2167 lumina
1292 2100 1389 2164 tetris.

541 2201 608 2265 Hic
623 2222 699 2284 ergo
715 2203 844 2286 aspexit
857 2204 1011 2267 tremulus
1025 2214 1185 2268 tormenta
1197 2201 1349 2286 priorum,

537 2303 682 2376 Qualiter
696 2303 884 2368 altithronus
898 2305 1043 2388 pellaces
1056 2307 1213 2389 plecteret
1226 2313 1326 2380 astus,

539 2405 702 2469 Horrendi
719 2406 851 2470 sceleris
865 2427 995 2470 scenam
1010 2407 1162 2491 patefecit
1175 2425 1322 2489 opacam.

540 2503 699 2568 Machina
713 2503 870 2588 detegitur
885 2506 985 2570 coecis
1000 2508 1211 2589 frustrataque
1226 2504 1340 2569 stellis:

542 2604 588 2667 Et
602 2625 675 2668 reus
689 2605 723 2668 in
738 2617 860 2670 tautum
875 2606 1110 2690 lachrymarum
1123 2607 1259 2671 flumina
1272 2604 1364 2682 fudit,

543 2703 658 2786 Irrigat
672 2718 704 2770 et
719 2707 811 2770 salsis
826 2707 991 2773 oculorum
1006 2705 1149 2771 fontibus
1162 2729 1230 2785 ora,

543 2806 658 2870 Donec
674 2808 850 2872 ocellorum
865 2809 1043 2873 caruissent
1056 2809 1129 2873 luce
1143 2809 1285 2893 pupillae.

544 2906 598 2971 Sic
613 2907 756 2973 vindicta
769 2928 842 2973 reos
855 2908 1020 2993 plectebat
1033 2910 1116 2973 trina
1131 2909 1281 2987 tonantis,

545 3008 660 3091 Usque
674 3008 781 3092 fugam
796 3009 869 3073 vitre
885 3031 960 3073 cum
975 3030 1061 3074 mors
1074 3010 1250 3076 bacchetur
1263 3011 1388 3074 acerba

545 3110 673 3173 Arbiter
688 3120 825 3175 aetemus
839 3110 916 3175 dum
931 3124 1059 3175 sontum
1076 3112 1211 3176 crimina
1223 3112 1328 3196 punit,

547 3212 642 3277 Alma
656 3214 833 3278 sacerdotis
847 3212 963 3299 pandit
977 3216 1141 3301 praeconia
1152 3215 1243 3279 casti.

592 3314 662 3379 Nec
677 3314 784 3381 minus
798 3318 919 3381 interea
932 3318 1055 3401 stupuit
1067 3316 1280 3401 Memphitica
1294 3316 1389 3381 tellus

547 3417 705 3482 Rumores
719 3430 844 3502 patrum
860 3416 924 3482 eub'
937 3419 1012 3482 coeli
1027 3418 1168 3482 culmine
1183 3419 1304 3481 claros:

548 3520 580 3593 E
598 3520 670 3603 quis
685 3532 773 3583 ortus
786 3531 853 3584 erat
867 3520 948 3583 felix
963 3520 1158 3583 Athanasius
1172 3520 1259 3598 olim,

551 3620 654 3705 Cujus
669 3620 856 3685 Alexander
870 3620 1092 3684 sanctissimus
1106 3620 1214 3683 estitit
1227 3620 1319 3684 altor.

551 3724 580 3786 A
596 3744 660 3808 quo
676 3723 778 3788 victus
792 3734 860 3788 erat
876 3733 1001 3786 torvum
1016 3723 1074 3805 qui
1089 3722 1231 3787 schisma
1245 3722 1384 3787 docebat

554 3826 663 3889 Arrius
678 3824 845 3901 infaustus,
861 3823 979 3887 ventris
995 3823 1072 3887 dum
1088 3822 1212 3887 viscera
1224 3822 1312 3888 foeda

556 3926 709 4009 Turpiter
723 3925 841 4006 egessit
854 3924 957 4007 ruptis
971 3924 1135 3987 extalibus
1148 3925 1214 4002 ani,

555 4027 636 4099 Qua
651 4046 731 4090 aava
745 4047 802 4110 per
817 4037 947 4109 cryptas
961 4025 1171 4109 complebant
1183 4036 1274 4090 antm
1287 4027 1421 4091 latrinae.

557 4128 695 4193 Sanctus
709 4125 893 4191 Alexander
908 4126 1016 4189 missae
1031 4127 1231 4191 solemnibus
1245 4128 1338 4203 actis,

560 4230 643 4295 Cum
658 4229 893 4293 celebrarentur
907 4248 1007 4291 sacrae
1021 4228 1176 4292 libamina
1188 4250 1319 4307 mensa,

558 4332 687 4415 Aspicit
700 4330 858 4395 infantum
872 4329 965 4414 ponti
977 4350 1036 4414 per
1048 4330 1156 4394 littora
1168 4341 1301 4409 urmes,

560 4432 702 4517 Mystica
717 4434 815 4496 Dona
828 4430 892 4497 Dei
907 4430 985 4495 ludo
1000 4430 1148 4495 simulare
1162 4430 1334 4514 stupendo.

558 4532 649 4594 Vidit
663 4552 781 4613 nempe
795 4532 909 4613 procul
925 4531 1013 4615 quod
1027 4532 1074 4596 sio
1087 4533 1280 4597 Athanasius
1294 4533 1353 4595 illo
