3759 5425
445 678 509 737 arc
726 695 880 743 sersaoni
897 699 940 744 ao
956 698 1132 758 scrncmu,
1148 698 1223 747 arc.

483 846 535 907 Ἰ).
560 847 656 918 Quod
676 862 726 913 est
741 850 892 933 Pythium
913 866 1048 915 metrum
1059 852 1164 917 t-M.
1187 852 1282 915 ldem
1297 849 1386 934 quod
1400 849 1501 911 hexa-

449 959 595 1012 metrum.

497 1050 539 1113 D.
563 1051 660 1116 Unde
676 1054 798 1121 dictum
813 1060 1137 1143 esththiuml-M.
1160 1060 1303 1132 Quidam
1313 1058 1505 1122 arbitrantur

453 1154 495 1216 ob
511 1153 545 1217 id
560 1154 647 1238 quod
670 1156 733 1221 hoc
754 1179 871 1239 genere
891 1162 982 1224 metri
1003 1162 1132 1226 oracula
1151 1160 1256 1244 primo
1276 1157 1423 1243 Apollini
1440 1156 1506 1219 sint

453 1252 549 1331 edita,
572 1255 627 1339 qui
651 1256 818 1323 interfecto
841 1260 989 1343 Pythone
1014 1262 1151 1345 Pythius
1177 1262 1285 1325 dictus
1306 1272 1366 1337 est,
1391 1258 1446 1342 qni
1469 1265 1506 1319 ut

453 1357 551 1419 fertur
569 1378 642 1419 cum
659 1358 691 1419 in
708 1358 865 1422 Parnasso
885 1360 1067 1443 Pythonem
1087 1370 1266 1445 serpentem
1282 1360 1315 1423 in
1330 1358 1505 1422 vindictam

455 1458 563 1520 matris
592 1459 716 1538 sagittis
745 1459 977 1543 insequeretur,
1003 1463 1124 1525 accolae
1150 1460 1303 1542 Delphici
1327 1460 1391 1521 hoc
1414 1458 1506 1520 illum

454 1578 545 1621 versu
560 1572 592 1621 et
608 1558 764 1622 facundiae
779 1560 937 1623 cothurno
953 1562 1146 1625 extulerunt.

499 1660 541 1721 D.
565 1660 653 1732 Quot
671 1656 742 1734 πάθη
765 1660 798 1723 in
821 1660 983 1743 dactylico
1005 1670 1039 1723 et
1060 1662 1246 1725 hexametro
1263 1649 1387 1724 ¹inserta
1406 1658 1507 1721 adsti-

455 1758 599 1843 pularis?
631 1763 680 1825 rel
708 1761 786 1845 quid
812 1771 887 1823 sunt
909 1757 1097 1834 natat-M.
1130 1757 1212 1836 Πάθη
1235 1761 1368 1844 quidem
1390 1760 1509 1823 Latina

455 1862 565 1942 lingua
585 1862 748 1945 passiones
764 1860 924 1926 dicuntur.
971 1864 1055 1926 Sunt
1074 1875 1179 1926 antem
1201 1883 1334 1926 numero
1348 1882 1419 1938 sex,
1434 1883 1507 1925 ace-

455 1961 586 2044 phalon,
596 1962 825 2047 procephalon,
837 1964 978 2045 lagaron,
989 1966 1159 2047 procylon,
1169 1963 1368 2041 dulicheron,
1379 1962 1507 2025 miuron

456 2064 504 2127 vel
521 2063 665 2146 spicode.

501 2164 542 2226 D.
566 2164 654 2237 Quid
675 2178 724 2227 est
744 2167 921 2250 acephalon
933 2166 1040 2231 l-M.
1064 2170 1184 2233 Versus
1206 2170 1275 2231 sine
1294 2167 1412 2251 capite,
1431 2188 1508 2230 cum

456 2266 558 2349 prima
573 2267 696 2349 syllaba
712 2278 823 2331 contra
836 2284 983 2333 naturam
998 2271 1175 2357 corripitur.

501 2368 543 2429 D.
571 2368 624 2431 Da
644 2370 828 2451 exemplum
850 2372 1038 2434 auctoritate
1058 2372 1330 2455 probatum—M.
1353 2371 1510 2452 Virgilius

456 2469 599 2533 secundo
615 2490 706 2533 versu
721 2470 877 2534 AEneidos
892 2472 1048 2555 acephalo
1062 2473 1171 2557 posuit
1186 2473 1317 2536 dicens:

737 2575 842 2629 ltaliam
853 2576 909 2630 feto
920 2577 1052 2649 profugus.

457 2677 586 2742 Etenim
610 2676 806 2740 barbarismo
826 2678 1022 2741 tribrachum
1043 2697 1101 2760 pro
1122 2674 1250 2761 dactylo
1266 2675 1404 2741 admisit.
1450 2676 1507 2740 Sic

459 2791 491 2842 et
506 2793 628 2843 caeterae
643 2779 810 2862 passiones
827 2790 881 2842 aut
894 2780 928 2841 in
945 2778 1053 2842 medio
1067 2779 1170 2842 autin
1185 2779 1252 2842 fine
1265 2779 1457 2842 inseruntur.

503 2881 545 2942 D.
569 2881 652 2952 Quia
674 2881 804 2962 longum
822 2894 871 2944 est
886 2891 921 2943 ut
935 2879 1111 2943 sciscitatio
1133 2892 1164 2942 et
1186 2879 1304 2943 solutio
1324 2877 1505 2942 earumdem

458 2980 642 3066 passionum
678 3002 736 3064 per
772 2981 918 3046 ordinem
951 2981 1146 3058 enucleetur,
1175 2982 1287 3043 saltem
1323 2979 1506 3043 extremitas

459 3081 626 3166 pandatur.
671 3081 758 3153 Quid
783 3097 832 3146 est
854 3085 977 3147 miuron
1006 3084 1056 3145 vel
1082 3083 1290 3166 sphicodium
1302 3082 1408 3146 t-M.
1441 3085 1508 3153 Μῦς

460 3182 573 3247 Latine
596 3204 667 3246 mus
691 3185 741 3246 rel
769 3206 862 3248 sorex
892 3187 1125 3269 interpretatur.
1178 3186 1234 3247 Ex
1262 3183 1375 3248 eadem
1404 3184 1508 3268 prima

459 3283 617 3368 positione
648 3283 854 3347 derivativum
886 3284 1014 3348 ducitur
1042 3287 1161 3349 miurus
1192 3287 1242 3349 rel
1270 3285 1428 3348 miurinus
1458 3285 1507 3347 rel

458 3387 624 3450 soricinus.

503 3491 546 3552 D.
563 3489 648 3562 Quid
661 3490 775 3552 astruis
785 3511 854 3552 esse
866 3488 1037 3572 sphicodin
1048 3485 1153 3552 t-M.
1169 3487 1257 3562 Σφὴξ
1267 3488 1384 3551 dicitur
1394 3489 1510 3552 Graece

462 3593 584 3668 crabro,
608 3591 695 3654 unde
726 3590 885 3654 derivatur
914 3590 1092 3674 sphicodis,
1117 3603 1150 3653 et
1177 3603 1282 3654 tamen
1313 3590 1435 3653 miurus
1458 3589 1510 3652 vel

461 3691 625 3776 sphicodis
663 3693 704 3756 ad
741 3714 838 3756 unam
879 3692 1124 3774 significationis
1166 3693 1308 3773 regulam
1350 3690 1510 3775 pertinere

461 3807 649 3872 noscuntur,
675 3795 751 3878 quia
776 3807 908 3875 utraque
934 3793 1086 3856 animalia
1110 3794 1197 3857 tenui
1220 3805 1252 3855 et
1277 3791 1388 3873 gracili
1411 3813 1510 3855 mem·

461 3897 589 3958 brorum
613 3896 813 3959 extremitate
837 3894 1055 3958 terminantur.
1102 3895 1152 3959 lta
1173 3905 1205 3958 et
1227 3915 1335 3957 versus
1357 3893 1412 3977 qui
1435 3913 1512 3975 pyr·

463 3997 586 4060 rhichio
602 3997 769 4060 clauditur.

508 4095 550 4158 D.
582 4097 663 4168 Quas
689 4109 737 4158 est
761 4115 883 4158 cassura
907 4093 1179 4177 penthemimeris,
1202 4108 1235 4158 ct
1257 4095 1394 4179 qualiter
1415 4095 1512 4158 inter·

463 4195 715 4281 pretaturi-hl.
732 4197 996 4260 Peuthemimeris
1009 4197 1121 4260 Latine
1137 4198 1365 4282 semiquinaria
1380 4196 1512 4270 dicitnr;

467 4293 551 4370 lurra
575 4295 695 4378 quippe
718 4295 812 4357 semis
828 4305 893 4372 est,
917 4293 1002 4356 sicut
1020 4294 1291 4379 hemispherium,
1307 4294 1514 4376 semisphaera

470 4399 581 4462 latina
604 4399 714 4478 lingua
736 4397 934 4478 intelligitur,
949 4395 983 4458 id
1005 4409 1055 4457 est
1076 4394 1210 4460 dimidia
1231 4395 1394 4480 pampeli
1417 4417 1515 4479 supra

467 4515 521 4564 aut
545 4499 625 4561 insra
651 4511 761 4560 terram
793 4498 893 4581 aequis
922 4498 1071 4561 lancibus
1099 4499 1221 4561 librata.
1267 4499 1353 4560 Nam
1378 4497 1513 4578 penthe-
