3759 5425
472 624 513 683 48
835 636 860 681 s.
876 635 1052 683 annaeum
1068 635 1171 682 aman

471 789 710 867 thurificabant,
734 789 777 853 ad
806 791 910 853 solum
941 789 1047 867 diruit,
1071 789 1247 874 quassavit,
1273 788 1396 852 evertit
1442 788 1525 850 Item

471 892 621 956 Julianus
636 913 710 955 cum
720 891 899 976 juvenculo
914 891 983 954 filio
997 890 1146 974 praesidis
1160 901 1196 953 ut
1209 890 1338 975 ephebo
1352 888 1526 964 hircitalio,

471 996 528 1080 qui
553 994 746 1079 neophytus,
769 1005 802 1057 et
829 1014 932 1077 nuper
958 992 1000 1056 ad
1029 992 1127 1055 fidem
1156 1012 1330 1055 conversus
1352 991 1468 1066 fuerat,
1490 989 1524 1051 in

471 1096 605 1160 fundum
628 1096 776 1177 ergastuli
798 1092 994 1179 profundum
1014 1104 1168 1171 retrusus,
1184 1095 1239 1157 ubi
1259 1092 1373 1157 foetida
1391 1092 1525 1155 damua-

469 1207 574 1263 torum
601 1196 759 1262 cadavera
779 1196 929 1259 diuturno
949 1199 1102 1279 temporis
1120 1195 1289 1258 intervallo
1310 1192 1441 1256 horrida
1457 1214 1525 1256 ver·

470 1302 571 1363 mium
590 1300 742 1362 examina
762 1296 972 1372 ebulliebant,
987 1296 1144 1379 squaloris
1162 1316 1317 1359 nauseam
1338 1293 1525 1378 perpetitur,

471 1404 528 1469 sed
551 1422 641 1465 versa
662 1401 731 1464 vice
756 1399 860 1482 pietas
888 1397 1008 1476 divina,
1034 1420 1106 1483 quae
1129 1420 1260 1462 suorum
1282 1417 1409 1481 semper
1430 1396 1525 1459 remi·

469 1504 607 1567 niscitur
629 1500 767 1564 militum
797 1520 855 1583 pro
886 1499 1013 1563 scatenti
1040 1501 1252 1585 sterquilinio,
1278 1499 1433 1562 olfactum
1459 1520 1526 1562 am·

469 1605 598 1683 brosiae,
612 1614 644 1666 et
658 1603 794 1665 neamus
812 1601 1016 1685 fragrantiam
1032 1602 1170 1666 carceris
1183 1603 1323 1687 illuviem
1338 1612 1371 1664 et
1384 1602 1525 1664 latebras

469 1705 680 1771 tolerantibus
702 1725 775 1767 cum
795 1704 870 1766 luce
892 1701 1029 1785 limpida
1051 1705 1225 1768 clementer
1245 1703 1393 1767 contulit„
1437 1704 1522 1766 Haec

470 1817 560 1872 tanta
583 1804 734 1889 prodigis
755 1802 873 1865 milites
893 1801 935 1865 ad
956 1803 1115 1866 excubias
1134 1803 1355 1867 confessorum
1376 1802 1525 1886 deputati

471 1912 638 1969 cernentes
663 1910 772 1983 spreta
797 1899 979 1983 phanatica
1003 1893 1239 1983 superstitionis
1265 1904 1391 1966 cultura
1415 1904 1526 1967 ortho-

471 2006 628 2071 doxorum
657 2001 872 2085 phalangibus
900 2001 1168 2083 adglomerantur.
1220 2004 1349 2067 Interea
1377 2003 1526 2069 defuncti

471 2110 608 2176 cadaver
622 2106 758 2192 prolixis
777 2106 949 2170 fasciarum
965 2107 1155 2189 ambagibus
1177 2129 1362 2171 connexum
1377 2107 1525 2172 nondum

469 2212 503 2276 in
526 2207 716 2291 sarcophagi
732 2208 827 2270 theca
845 2205 1012 2270 humatum
1031 2207 1195 2289 flagitante
1215 2207 1365 2291 praeside,
1382 2208 1463 2271 fusis
1480 2208 1524 2272 ad

469 2312 581 2397 polum
596 2308 747 2393 precibus
769 2307 942 2371 suscitavit.
988 2309 1052 2381 Qui
1074 2329 1202 2372 omnem
1223 2309 1319 2372 istinc
1338 2308 1439 2372 eundi
1459 2320 1523 2373 tra·

469 2411 620 2497 goediam,
646 2420 678 2473 et
699 2409 789 2472 illinc
815 2407 971 2472 redeundi
1000 2411 1202 2474 clementiam
1226 2410 1369 2474 attonitis
1398 2421 1525 2494 specta-

468 2515 592 2579 toribus
616 2530 786 2593 resurgens
816 2509 856 2572 de
882 2511 990 2573 tartari
1015 2511 1176 2595 profundo
1200 2513 1365 2595 patefecit
1418 2514 1523 2596 Igitur

467 2627 601 2699 urgente
631 2616 863 2697 Imperatorum
893 2611 1023 2676 decreto
1052 2615 1154 2677 sancti
1183 2614 1345 2696 Martyres
1372 2614 1408 2677 in
1433 2614 1522 2679 Circi

444 2718 654 2806 *spectaculo
685 2725 731 2780 ter
755 2715 847 2779 denis
876 2735 1031 2798 cuparum
1054 2717 1183 2799 gremiis
1204 2716 1424 2797 includuntur,
1447 2740 1521 2802 qua

469 2822 662 2885 intrinsecus
676 2829 751 2882 atrae
766 2819 851 2902 picis
865 2839 981 2897 massa,
991 2830 1024 2882 et
1036 2821 1204 2884 bituminis
1217 2821 1329 2885 fomite
1344 2821 1521 2905 sulphuris-

469 2944 534 3008 que
549 2922 661 2985 foetore
676 2919 862 2999 sarciuntur,
876 2932 909 2984 et
922 2923 1123 2987 extrinsecus
1145 2924 1319 3008 suppositis
1334 2924 1522 3007 crepitantis

468 3027 537 3108 rogi
551 3024 700 3099 torribus,
715 3035 748 3088 et
769 3035 1001 3088 sarmentorum
1021 3026 1137 3090 faculis
1153 3026 1428 3108 conflagrantibus
1448 3049 1521 3092 suc·

468 3128 661 3195 conduntur.
720 3127 759 3189 In
793 3137 917 3190 tantum
946 3135 984 3191 ut
1010 3128 1205 3193 flammantis
1233 3150 1322 3212 pyrae
1351 3130 1522 3195 cacumina

468 3231 627 3294 minacem
663 3227 799 3291 obelisci
834 3230 1068 3313 proceritatem,
1105 3239 1138 3294 et
1173 3230 1348 3294 rotundum
1383 3233 1521 3316 spherae

467 3331 595 3417 apicem
609 3329 741 3410 triginta
752 3330 869 3394 cubitis
882 3331 916 3394 in
933 3352 1051 3394 conum
1066 3334 1292 3416 praecellerent
1330 3333 1395 3397 Sed
1411 3345 1520 3399 tamen

468 3436 510 3500 de
531 3441 667 3498 torrente
692 3431 844 3496 incendio
868 3453 1007 3516 superna
1025 3443 1183 3516 potestate
1202 3455 1386 3518 compresso
1407 3437 1521 3499 trium·

466 3537 582 3623 phales
596 3533 665 3612 viri,
680 3534 767 3596 velut
780 3533 923 3597 obrizum
947 3535 1092 3613 rutilans,
1106 3546 1272 3618 spectante
1288 3536 1377 3600 Circi
1392 3548 1521 3603 caterva

466 3641 500 3705 in
516 3637 682 3722 publicum
703 3656 896 3720 processere.
940 3636 1032 3699 Exin
1050 3638 1216 3721 reciproca
1237 3640 1365 3702 tortoris
1385 3641 1521 3706 nefandi

466 3739 626 3815 ferocitas,
650 3757 722 3818 quae
747 3757 872 3819 semper
896 3737 1060 3801 insontum
1084 3738 1190 3820 poenis
1215 3739 1367 3823 pascitur,
1392 3751 1425 3803 et
1446 3742 1520 3805 fuso

467 3837 622 3918 sanguine
643 3837 813 3918 saginatur,
829 3836 970 3911 athletis,
992 3844 1025 3901 et
1045 3838 1249 3918 agonothetis
1269 3838 1390 3904 Christi
1412 3851 1521 3906 macta

466 3937 606 4022 martyrii
635 3937 747 4000 merita
775 3938 957 4002 cumulavit.
1002 3937 1090 4000 Dum
1117 3939 1202 4002 liciis
1231 3939 1292 4003 olei
1322 3939 1363 4005 de
1391 3943 1519 4027 liquore

467 4040 619 4106 delibutis
649 4038 819 4121 digitorum
845 4040 1007 4114 articulos,
1029 4049 1063 4103 et
1090 4043 1270 4124 palmarum
1298 4045 1436 4127 pollices
1459 4047 1518 4110 ob·
1624 4097 1629 4104 .

466 4143 639 4220 volverent,
664 4140 822 4223 simulque
848 4139 969 4224 pedum
992 4141 1111 4206 alloces
1138 4143 1267 4206 truciter
1290 4144 1519 4223 adnecterent3
1567 4213 1573 4224 ,

468 4242 526 4309 sed
539 4243 687 4306 liciorum
702 4241 766 4304 filis
781 4242 910 4306 flamma
924 4244 1100 4306 combustis
1116 4245 1252 4309 athletas
1268 4246 1344 4322 Dei,
1359 4247 1392 4309 in
1413 4269 1518 4312 scam·

466 4351 552 4406 mate
573 4341 688 4404 mundi
712 4342 773 4406 ritu
801 4342 973 4425 palestrico
1001 4345 1212 4425 agonizantes
1236 4367 1256 4409 a
1278 4346 1519 4429 fumigabundis

467 4445 664 4508 flammarum
680 4443 784 4523 globis
798 4442 957 4507 immunes
967 4443 1075 4508 divina
1090 4447 1189 4509 tutela
1202 4447 1350 4530 protexit
1396 4451 1518 4514 Verum
