3759 5425
477 703 540 765 158

804 721 849 766 ott
865 719 1030 768 tauutnus
1045 717 1227 766 VIRGINUH.

565 873 712 938 Hilarion
727 873 807 938 felix
822 875 944 939 famoso
959 873 1089 938 nomine
1105 871 1221 949 dietus,

562 975 667 1046 Quem
682 996 824 1059 presens
837 977 951 1041 crebro
965 975 1106 1040 mundus
1120 993 1246 1038 rumore
1261 970 1410 1037 celebrat

562 1074 649 1139 Dum
665 1076 804 1162 cupidus
819 1078 913 1158 gestit
926 1097 1071 1141 normam
1086 1075 1283 1161 equiparare
1298 1070 1451 1153 magistri,

562 1175 608 1241 Et
623 1179 770 1244 dmulare
785 1180 835 1244 sui
846 1179 916 1262 jam
929 1178 1161 1265 perpendicula
1174 1176 1286 1262 patris.

562 1277 594 1338 H
599 1277 629 1342 ic
646 1279 757 1344 stricta
770 1300 887 1362 eorpus
901 1280 1046 1343 frenabat
1058 1278 1133 1359 lega
1147 1276 1312 1361 petuleum

560 1377 697 1444 Tonida
710 1380 840 1445 lascirae
854 1379 989 1445 demens
1003 1378 1153 1444 incendia
1167 1377 1281 1443 carnis.

560 1479 689 1564 Quique
703 1481 870 1545 titillantes
885 1481 1005 1565 sprevit
1018 1478 1193 1565 primordia
1205 1479 1316 1556 luxus,

560 1581 670 1647 Prima
677 1583 859 1667 juventutis
873 1585 1005 1648 edecus
1018 1583 1145 1649 ludicra
1159 1603 1268 1646 serere

561 1681 687 1746 (floruit
700 1684 854 1768 AEgypto,
870 1684 961 1768 qnod
977 1685 1121 1750 strictum
1138 1683 1278 1750 carmine
1292 1678 1412 1765 pando.

560 1783 646 1846 Nam
661 1785 789 1868 gipsum
803 1785 936 1850 miseros
952 1786 1040 1871 quod
1056 1786 1178 1851 dudum
1194 1785 1341 1850 faucibus
1355 1781 1431 1846 atris

562 1885 694 1952 Sorbuit
707 1886 877 1970 indigenas
891 1889 1031 1953 flammis
1045 1888 1222 1954 combussit
1236 1906 1379 1960 enorme,

563 1986 652 2051 Dum
667 2008 762 2071 rogus
776 1988 898 2071 ingenti
912 1990 1076 2071 lignorum
1091 1989 1201 2054 fomite
1216 1990 1353 2071 flagrans

561 2087 755 2172 Repuntem
770 2092 803 2154 in
818 2113 938 2176 prunas
953 2092 1154 2177 consumpsit
1165 2101 1247 2156 torre
1263 2087 1462 2172 chelydrum.

561 2190 711 2276 Denique
726 2214 800 2257 cum
815 2194 921 2276 pelagi
936 2193 1097 2257 montanis
1111 2193 1265 2258 fluctibus
1279 2193 1355 2255 olim

561 2295 704 2378 AEquora
718 2316 776 2379 per
789 2295 907 2360 vitreos
919 2296 1075 2361 bullirent
1090 2295 1218 2380 turgida
1232 2315 1374 2379 campos,

561 2392 736 2480 Priseaque
751 2405 939 2479 turgescens
953 2417 1021 2460 non
1034 2409 1145 2462 nosset
1158 2396 1266 2461 littora
1279 2406 1410 2482 pontius,

564 2492 691 2559 Carula
706 2497 886 2580 fluctivagis
901 2496 959 2561 sed
974 2507 1111 2580 regnant
1125 2497 1265 2561 molibus
1279 2495 1354 2574 alta,

562 2597 651 2660 Dum
665 2598 811 2682 proprias
825 2610 981 2683 sperum
992 2597 1158 2682 spumosis
1173 2598 1325 2662 fluctibus
1339 2618 1419 2661 oras.

559 2696 653 2762 Tunc
667 2718 780 2763 omnes
795 2697 913 2782 pariter
927 2698 1140 2781 glomerantes
1155 2696 1281 2780 agmine
1297 2695 1410 2777 denso,

559 2798 680 2863 Contra
693 2799 804 2863 flustra
817 2822 929 2865 senem
946 2800 1102 2865 sistebant
1115 2799 1241 2884 turgida
1255 2808 1411 2865 sanctum.

559 2900 607 2965 Et
620 2901 721 2966 fidum
738 2904 866 2969 tremuli
880 2914 1050 2987 patronum
1066 2904 1125 2967 rite
1141 2904 1308 2986 rogabant,

560 3005 726 3070 Auxilium
740 3005 865 3071 miseris
879 3018 915 3071 ut
929 3007 1022 3071 ferret
1037 3006 1164 3071 civibus
1178 3008 1272 3071 ultro.

559 3106 620 3171 llle
635 3106 741 3171 crucis
754 3108 891 3192 pingens
905 3109 1024 3193 pariter
1038 3107 1206 3191 signactda
1218 3108 1335 3184 sulcat,

559 3207 721 3273 Horridus
733 3210 768 3273 in
783 3212 948 3275 cumulum
964 3210 1118 3275 salsarum
1134 3211 1242 3273 fluxus
1257 3229 1411 3293 aquarum

559 3308 732 3376 concrevit
745 3333 840 3396 porro
856 3333 991 3395 surgens
1006 3312 1048 3376 ad
1064 3310 1169 3376 sidera
1183 3312 1269 3388 eoeli,

559 3412 641 3475 Mox
657 3412 831 3478 furibunda
844 3413 943 3478 maris
958 3411 1150 3498 compressit
1164 3412 1281 3476 caerula
1295 3411 1384 3474 steri.

558 3512 614 3575 sic
630 3511 722 3576 miles
738 3512 857 3578 Christi
872 3514 1028 3579 frenabat
1042 3532 1201 3577 marmora
1214 3510 1317 3596 ponti,

558 3614 606 3678 Ut
619 3614 733 3677 merito
747 3616 851 3679 sancti
865 3636 932 3679 non
948 3634 1092 3698 unquam
1106 3614 1191 3678 fama
1205 3612 1342 3678 fatiscat.

604 3714 660 3777 Sic
674 3735 803 3798 quoque
818 3714 852 3777 in
868 3715 1010 3797 AEgypto
1024 3714 1122 3777 fertur
1136 3712 1262 3777 rexisse
1276 3713 1432 3786 loannes,

558 3817 682 3881 Accola
696 3815 813 3880 deserti
828 3817 924 3880 vitam
939 3816 1011 3879 siue
1026 3814 1159 3879 crimine
1175 3812 1307 3879 ducens.

557 3917 623 3991 Qui
637 3915 754 3980 strictis
768 3916 932 4001 proprium
947 3914 1092 3980 nodabat
1105 3915 1246 3979 nexibus
1261 3935 1377 3992 aarum,

555 4016 681 4081 (lamen
693 4018 823 4080 lascivae
838 4017 969 4079 vincens
985 4016 1144 4097 ergastula
1159 4014 1286 4089 mentia,

558 4117 761 4182 conservans
776 4118 939 4199 geminum
949 4115 1040 4200 justo
1053 4114 1271 4180 moderamine
1285 4113 1426 4199 pondus,

556 4219 646 4283 Dum
661 4219 769 4284 diviua
783 4217 879 4284 docet
893 4218 1024 4303 duplam
1040 4218 1199 4283 sententia
1213 4216 1322 4291 vium,

558 4326 663 4398 Quam
678 4334 781 4389 rector
795 4322 894 4388 debet
901 4321 991 4406 justa
1004 4320 1185 4386 discernere
1198 4322 1302 4399 lance,

557 4426 663 4507 Atque
679 4424 921 4507 gubernandum
937 4422 1043 4487 carnis
1058 4442 1253 4503 cognoscere
1269 4428 1401 4485 motum.

560 4528 659 4591 Hunc
676 4528 799 4591 famosa
812 4526 925 4590 rudem
940 4527 1086 4610 raplebat
1100 4525 1201 4608 gratm
1215 4533 1332 4603 ratem,

560 4630 608 4693 Ut
622 4638 731 4713 posset
745 4630 871 4692 clausas
886 4647 990 4691 rerum
1007 4646 1145 4690 reserare
1159 4626 1308 4704 latebras,
