3759 5425
649 616 1056 675 srrsromaoacmoruu,
1072 616 1144 663 suc.
1358 602 1424 663 28⁶

421 768 463 831 D.
486 768 551 840 Qui
571 767 686 833 modus
706 780 755 833 est
773 771 968 854 syllabarum
982 771 1126 835 inversu
1143 769 1306 851 dactylico
1325 768 1426 832 hexa-

376 878 477 931 metro
493 868 623 932 heroico
634 866 741 932 l-M.
757 870 872 933 Omnis
883 891 992 934 versus
1006 871 1193 936 hexameter
1203 867 1350 952 dactylus
1361 869 1428 933 sire

378 971 526 1035 heroicus
546 991 564 1034 a
585 970 756 1035 duodecim
777 973 910 1057 syllabis
925 973 1043 1037 crescit
1062 993 1165 1056 usque
1185 970 1228 1035 ad
1248 970 1330 1034 xvii:
1352 991 1427 1033 uam

380 1073 435 1155 qui
450 1072 534 1135 imus
549 1080 599 1136 est
613 1071 713 1135 habet
727 1074 870 1156 syllabas
884 1094 951 1137 non
966 1073 1073 1137 minus
1087 1092 1186 1156 quam
1202 1070 1385 1135 duodecim.

423 1172 466 1235 D.
489 1170 578 1244 Quid
593 1192 680 1253 argo,
690 1193 799 1236 nonne
812 1175 1000 1257 plerumque
1013 1172 1193 1237 invenimus
1207 1191 1332 1235 versum
1347 1169 1430 1234 xviii

382 1281 438 1337 aut
451 1274 511 1337 xix
526 1294 584 1337 seu
599 1293 645 1337 xx
661 1276 854 1358 syllabarum
869 1286 905 1341 ut
919 1287 995 1341 sunt
1008 1276 1063 1339 hi:

524 1378 576 1432 Sed
587 1396 707 1435 revocare
718 1380 827 1450 gradum
838 1400 997 1455 superasque
1008 1382 1119 1437 madere
1130 1381 1164 1434 ad
1175 1397 1260 1447 amas,

383 1471 467 1535 uem
524 1568 625 1621 Laurus
636 1573 693 1622 erat
703 1570 766 1623 tecti
777 1570 805 1623 iu
816 1572 913 1640 medio,
924 1572 952 1624 in
963 1570 1140 1644 penetralibus
1151 1569 1221 1623 altis

385 1657 486 1721 Item:

524 1755 583 1809 Aut
594 1771 673 1809 onera
683 1756 813 1827 adripiunt
823 1760 982 1824 venientum,
993 1764 1072 1829 atque
1083 1757 1189 1826 agmina
1198 1754 1291 1820 factos

387 1846 468 1908 Item
481 1893 489 1908 ι
526 1926 596 1981 Gara
607 1928 672 1981 mihi
683 1934 744 1982 ants
756 1928 823 1983 alias
835 1932 881 1984 ac.
893 1948 976 2001 usque
988 1930 1092 1984 Dianre.

387 2014 477 2078 -Μ,
502 2016 585 2079 Sunt
599 2016 729 2101 quidem
748 2018 893 2101 plerique
914 2020 1107 2103 syllabamm
1123 2014 1204 2081 xviii
1218 2026 1275 2079 aut
1288 2033 1362 2077 vero
1376 2012 1436 2076 xix

387 2136 457 2179 raro
471 2124 504 2180 et
516 2136 566 2180 xx
581 2127 637 2181 aut
650 2120 706 2182 vix
721 2128 777 2183 aut
790 2139 993 2205 nequaquam
1008 2118 1137 2204 reperiri
1152 2128 1285 2203 queunt.
1317 2115 1438 2178 Verum

389 2216 557 2280 sciendum
579 2230 628 2281 est
647 2219 681 2282 in
702 2219 834 2283 metrica
855 2222 976 2284 ratione
996 2240 1161 2303 nunquam
1181 2215 1360 2301 computari
1383 2233 1437 2276 eas

391 2319 531 2403 syllabas
547 2342 626 2404 quas
648 2322 794 2404 superius
809 2321 950 2387 diximus
965 2322 1169 2406 Synalaephae
1190 2318 1439 2402 Metaplasmum

389 2421 594 2503 intercipem3
608 2442 672 2505 quo
679 2422 716 2485 fit
724 2431 761 2486 ut
769 2424 873 2486 omnis
883 2423 1047 2487 illiversus
1057 2423 1113 2508 qui
1119 2419 1337 2505 supradictum
1344 2418 1440 2501 sylla·

391 2522 504 2586 barum
525 2542 692 2586 numerum
714 2523 861 2589 ridentur
875 2525 1045 2604 excedere,
1060 2523 1211 2587 detractis
1233 2518 1442 2605 synalaephia,

393 2621 434 2686 ad
448 2620 516 2685 xvii
531 2633 587 2687 aut
599 2624 655 2686 xri
670 2625 720 2687 rel
736 2625 831 2688 etiam
847 2624 887 2688 ad
902 2646 946 2688 xv
960 2624 1156 2707 redigantur,
1171 2624 1270 2688 veluti
1289 2632 1365 2686 aunt
1383 2621 1443 2701 illi,

394 2744 474 2809 quos
489 2745 586 2808 supra
605 2727 748 2808 exempli
769 2726 870 2809 gratia
892 2747 1055 2810 posueras.
1099 2726 1196 2792 Unde
1212 2723 1378 2790 sciendum
1393 2733 1445 2787 est

393 2825 517 2889 nullum
539 2847 665 2890 versum
694 2826 893 2911 dactylicum
929 2828 1152 2894 hexametrum
1183 2827 1319 2892 inveniri
1345 2846 1443 2910 possa

394 2925 451 3009 qui
465 2947 633 2991 numerum
655 2929 848 3012 syllabarum
868 2931 935 2994 xvii
949 2929 1096 2995 videatur
1116 2928 1285 2995 excedere.
1328 2927 1445 3011 Itaque

396 3026 502 3090 omnis
522 3049 631 3093 versus
657 3030 837 3112 dactylicus
859 3031 1046 3097 hexameter
1066 3032 1149 3096 infra
1169 3034 1257 3097 hunc
1279 3048 1445 3094 numerum

397 3129 557 3214 usquead
573 3130 797 3195 duodecimam
809 3134 967 3216 syllabam
984 3133 1178 3198 terminatur.

441 3231 484 3293 D.
515 3231 633 3295 Precor
656 3232 720 3296 hoc
745 3233 887 3297 lucidius
916 3255 1045 3318 expone
1071 3245 1105 3298 et
1130 3235 1247 3299 clarius
1272 3231 1448 3296 enodari—

397 3332 446 3395 M.
469 3332 588 3396 Versus
609 3331 787 3418 dactylicus
806 3335 1003 3414 hexameter,
1018 3336 1045 3398 si
1059 3335 1137 3399 solis
1151 3331 1314 3418 spondaeis
1331 3331 1449 3396 cousti-

400 3432 482 3509 terit,
493 3431 554 3494 erit
567 3432 614 3495 xii
629 3434 833 3517 syllabarum.
864 3433 899 3499 si
915 3455 1016 3497 unum
1026 3433 1189 3518 dactylum
1205 3431 1362 3509 habuerit,
1372 3428 1448 3507 xiii3

400 3533 428 3595 si
444 3530 535 3609 duos,
548 3533 625 3610 xiv;
647 3535 675 3598 si
690 3545 765 3612 tres,
779 3556 844 3612 xv;
868 3535 897 3600 si
912 3542 1058 3620 quatuor,
1071 3534 1148 3611 xri3
1171 3534 1199 3597 si
1214 3531 1357 3617 quinque
1372 3530 1451 3594 xvii.

401 3632 453 3698 lta
466 3632 560 3696 toties
574 3653 640 3696 una
654 3633 780 3717 syllaba
794 3632 911 3696 crescit
925 3632 1052 3716 quoties
1068 3630 1217 3714 dactylus
1232 3627 1413 3693 accesserit.

401 3737 405 3744 '
443 3732 485 3795 Ι).
509 3734 709 3798 Hexametcr
718 3755 827 3798 versus
842 3734 1024 3818 dactylicus
1038 3754 1096 3816 per
1107 3743 1187 3817 quot
1201 3729 1327 3815 species
1338 3729 1453 3794 variari

402 3832 583 3898 decernitur
591 3830 697 3896 l-M.
721 3834 886 3907 Quantum
907 3833 1039 3896 metrica
1057 3833 1138 3896 ratio
1152 3830 1343 3910 declaratur,
1356 3829 1454 3893 xxxii

402 3934 568 3998 schemata
581 3934 690 3998 habet.

447 4035 490 4098 D.
521 4036 593 4099 Has
618 4036 816 4101 schematum
840 4036 963 4121 specics
984 4034 1207 4118 perordinem
1232 4033 1372 4117 apertius
1396 4053 1455 4096 ex·

403 4136 500 4220 plana
510 4134 617 4201 ?-M.
642 4139 682 4200 In
698 4159 794 4202 versu
809 4139 857 4201 xii
873 4137 1080 4221 syHabM,
1095 4157 1160 4199 una
1174 4135 1300 4220 species
1314 4145 1377 4198 est:
1400 4135 1455 4197 hic

406 4247 453 4300 est
480 4258 575 4320 quem
598 4237 746 4321 superius
767 4237 910 4301 diximus
931 4235 1196 4298 monoschemum
1217 4234 1407 4318 nuncupari,
1428 4236 1457 4297 is

406 4339 524 4424 quippe
541 4340 610 4404 siue
625 4341 693 4405 ulla
707 4339 857 4404 varietate
874 4358 986 4402 omnes
1000 4338 1034 4400 in
1049 4359 1083 4401 sc
1097 4337 1270 4422 spondaeos
1281 4338 1389 4417 habet,
1401 4338 1457 4422 qui

406 4442 448 4505 ob
463 4442 526 4506 hoc
542 4442 746 4526 spondiazon
762 4453 903 4518 vocatur,
918 4450 954 4503 ut
968 4454 1017 4505 est

620 4555 658 4608 Hi
670 4555 842 4626 producuntur
853 4555 936 4622 legati
949 4553 1152 4620 Minturnenses,
