3759 5425
442 664 506 723 2⁷2

717 678 872 725 urtsrote
887 680 930 723 tn
947 680 1124 742 actucluu,
1142 681 1213 727 ETG.

529 828 668 895 Necnon
684 833 838 916 accipitre
853 835 1083 916 properantior,
1098 845 1252 897 ettamen
1268 834 1401 895 horrens

530 932 722 997 Lumbricus
737 946 769 998 et
783 935 885 998 limax
900 944 934 998 et
948 934 1040 1000 tarda
1053 935 1182 1000 testudo
1196 932 1357 1019 palustris,

528 1033 635 1115 Atque
650 1032 719 1097 fimi
734 1036 864 1099 soboles
878 1034 1038 1099 sordentis
1052 1035 1224 1099 cantharus
1238 1044 1305 1097 ater

529 1131 597 1210 Me,
612 1133 699 1197 dicto
715 1136 819 1214 citius,
834 1136 968 1202 vincunt
982 1136 1158 1201 certamine
1172 1155 1296 1211 cursus,

530 1234 584 1298 Sic
600 1237 723 1316 gravior
735 1239 871 1320 plumbo
887 1239 1094 1323 scopulorum
1107 1237 1253 1323 pondera
1266 1256 1378 1316 vergo:

530 1334 610 1401 Sum
624 1336 725 1401 levior
739 1340 848 1423 pluma
862 1338 953 1403 cedit
966 1340 1020 1403 cui
1035 1340 1161 1423 tippula
1173 1337 1326 1421 lymphae.

529 1436 616 1500 Nam
631 1436 713 1501 silici
727 1437 843 1505 densas
856 1440 964 1505 fundit
977 1440 1055 1525 quia
1068 1440 1189 1503 viscere
1205 1439 1349 1502 flammas

529 1536 649 1602 Durior
663 1552 718 1603 ant
731 1538 823 1617 ferro,
838 1541 932 1605 tostis
947 1538 1005 1605 aad
1021 1541 1149 1604 mollior
1163 1538 1257 1603 extis.

530 1637 708 1705 cincinnos
723 1642 839 1727 capitis
852 1664 928 1707 nam
944 1652 1036 1725 gesto
1051 1640 1219 1705 cacumine
1233 1639 1348 1703 nullos.

531 1740 653 1805 Omont
668 1742 725 1827 qui
738 1743 875 1809 frontem
889 1742 1020 1829 pompis
1033 1753 1067 1806 at
1079 1751 1225 1826 tempora
1239 1740 1335 1816 setim

528 1838 611 1905 Cum
625 1842 706 1906 mibi
724 1845 872 1909 commas
887 1844 1022 1908 volitent
1037 1844 1078 1908 de
1093 1843 1211 1905 vertice
1226 1840 1352 1924 crispa,

532 1944 611 2009 Plus
625 1947 849 2012 calamistratis
864 1968 898 2011 se
914 1958 1047 2013 comunt
1061 1967 1133 2031 que
1148 1942 1340 2020 calamistro,

531 2046 685 2129 Pinguior
699 2070 740 2112 en
755 2050 856 2113 multo
872 2048 1047 2112 scrofarum
1061 2047 1203 2129 axungia
1217 2046 1337 2127 glesco,

531 2146 727 2214 Glandiferis
741 2151 856 2217 iterum
871 2152 1012 2217 referunt
1026 2150 1105 2216 dum
1119 2168 1254 2234 corpora
1267 2146 1358 2227 fagis,

530 2249 637 2335 Atque
654 2251 799 2334 aegineta
812 2253 963 2317 laetantur
976 2273 1073 2316 carne
1089 2250 1235 2315 subulci:

531 2348 598 2415 Sed
614 2372 664 2414 me
680 2349 750 2415 dira
762 2352 861 2416 fames
874 2352 979 2417 macie
993 2351 1158 2438 torquebit
1171 2370 1315 2432 egenam,

531 2450 658 2515 Pallida
673 2450 749 2515 dum
764 2452 884 2536 jugiter
897 2451 1038 2536 dapibus
1052 2452 1192 2517 satiabor
1205 2451 1323 2534 opimis

533 2551 685 2636 Limpida
698 2572 769 2616 sum
784 2552 884 2617 fateor
897 2552 1024 2618 Titania
1039 2554 1160 2645 clarior,
1166 2554 1254 2631 orbe,

531 2651 710 2720 Candidior
723 2654 852 2720 nivibus
866 2654 944 2719 dum
958 2655 1062 2739 ningit
1076 2656 1192 2720 vellere
1207 2654 1357 2730 nimbus3

532 2754 679 2822 Carceris
694 2767 727 2823 et
740 2759 842 2823 multo
857 2758 997 2824 tenebris
1010 2759 1179 2823 obscurior
1193 2759 1278 2837 atria,
1356 2739 1367 2753 ’

532 2860 638 2943 Atque
652 2859 820 2923 latebrosis
834 2859 936 2923 ambit
951 2879 1032 2942 quas
1047 2859 1198 2924 Tartarus
1213 2859 1343 2923 umbris.

533 2961 580 3025 Ut
593 2961 709 3043 globus
722 2971 876 3026 astrorum
890 2956 1130 3046 plasmor'teres
1143 2973 1240 3046 atque
1256 2961 1403 3037 rotunda,

533 3062 693 3146 Sphemla
707 3084 765 3128 seu
778 3064 865 3149 pila,
880 3084 1010 3128 necnon
1026 3075 1059 3129 et
1073 3065 1174 3128 forma
1187 3063 1346 3148 crystalli:

531 3163 578 3227 Et
590 3183 683 3228 versa
696 3165 766 3228 vice
780 3163 954 3250 protendor
967 3185 1025 3228 seu
1040 3163 1152 3230 Serica
1164 3185 1266 3250 pensa

532 3263 683 3330 Porrecto
696 3265 730 3328 in
745 3266 894 3348 gracilem
908 3286 1052 3350 pannum
1066 3286 1128 3330 ceu
1142 3264 1279 3330 stamina
1292 3265 1391 3349 pepli.

468 3361 474 3378 '
532 3365 629 3431 Senis
643 3387 720 3432 ecce
735 3367 839 3452 plagis
852 3368 939 3432 latus
953 3388 1019 3453 qua
1032 3366 1184 3450 panditur
1198 3367 1286 3431 orbis

533 3465 674 3532 Ulterior
686 3469 787 3532 multo
802 3467 927 3546 tendor,
940 3467 1086 3531 mirabile
1100 3468 1187 3544 fatu3

531 3569 620 3634 Infra
633 3591 685 3634 me
699 3591 833 3653 suprave
847 3569 928 3634 nihil
943 3591 1002 3653 per
1016 3571 1135 3634 secula
1148 3581 1292 3649 constat,

530 3671 576 3736 Ni
590 3693 695 3738 rerum
710 3673 833 3757 genitor
847 3671 1002 3738 mundum
1017 3693 1162 3737 sermone
1177 3694 1339 3738 coercens.

529 3774 691 3840 Grandior
704 3775 739 3838 in
754 3776 878 3858 glaucis
893 3797 990 3860 quem
1006 3777 1134 3840 ballena
1147 3776 1301 3840 fluctibus
1315 3785 1395 3852 atra,

529 3874 576 3939 lt't
590 3875 695 3938 minor
709 3876 829 3958 exiguo
844 3877 948 3940 sulcat
962 3876 1018 3960 qui
1032 3895 1168 3958 corpora
1179 3896 1284 3939 verme

450 4035 464 4064 ,
532 3974 597 4038 Aut
610 3974 740 4039 modico
755 3974 872 4040 Pboebi
887 3973 986 4039 radiis
1001 3976 1057 4061 qui
1072 3976 1176 4040 vibrat
1191 3986 1310 4042 atomo.

533 4075 686 4140 Centenis
700 4074 839 4161 pedibus
853 4075 981 4157 gradior
993 4097 1052 4161 per
1067 4077 1211 4158 gramina
1223 4078 1316 4142 ruris·

530 4180 577 4244 Et
590 4177 718 4264 penitus
732 4199 898 4262 nunquam
912 4199 971 4264 per
983 4189 1098 4244 terram
1112 4201 1212 4265 pergo
1225 4181 1388 4266 pedester,

531 4279 586 4345 Sic
601 4301 673 4344 mea
686 4276 861 4364 prudentes
876 4292 1007 4365 superat
1022 4280 1188 4363 Sapientia
1201 4280 1342 4368 Sophos,

532 4383 602 4446 Nec
619 4391 725 4446 tamen
740 4381 773 4444 in
789 4381 896 4464 byblis
910 4378 1021 4444 docuit
1034 4401 1086 4445 me
1100 4380 1205 4445 littere
1219 4380 1321 4460 dives,
1450 4423 1456 4435 ·

432 4543 435 4552 .
458 4527 463 4538 ·
531 4486 597 4548 Aut
614 4482 870 4567 unquamquivi,
886 4480 965 4566 quid
981 4492 1106 4546 constet
1121 4482 1254 4565 syllaba,
1270 4503 1376 4548 nossa.
