3759 5425
646 746 688 790 ns
705 745 870 791 mentitus
885 746 1066 791 tinemuta.

421 897 495 960 Non
511 905 618 960 umen
634 900 759 963 exussit
775 911 956 965 sanctorum
973 913 1055 964 torre
1069 900 1216 963 lacertos.

418 999 471 1061 En
487 1000 601 1063 itemm
617 1022 740 1084 gypsus
755 1003 850 1085 spiris
865 1002 993 1066 sinuata
1007 1002 1167 1084 malignis,

421 1098 550 1164 Creruls
563 1102 723 1184 pestiferis
737 1104 864 1166 extollit
879 1105 964 1166 colla
978 1103 1129 1165 reueuist

419 1201 580 1285 Martyres
594 1202 636 1266 ad
651 1204 810 1268 theatrum
825 1204 995 1268 truduntur
1009 1213 1093 1267 reste
1108 1203 1210 1285 ligati,

420 1302 569 1367 Rictibus
584 1316 620 1368 ut
634 1307 750 1369 rodant
764 1319 947 1370 sanctorum
963 1308 1106 1370 membra
1120 1306 1247 1368 leones:

424 1404 562 1468 Necnon
577 1406 783 1470 mandibulas
797 1427 940 1470 ursorum
956 1408 1036 1471 ferre
1052 1418 1203 1470 cruentas

393 1547 401 1560 ·
423 1505 562 1590 Cogeret
576 1510 720 1573 insontes
733 1520 888 1574 tortorum
905 1531 1003 1595 poeoa
1017 1512 1163 1574 lacertos.

423 1607 489 1672 Sed
504 1631 599 1674 secus
612 1611 721 1674 evenit
735 1611 856 1676 sanctis
870 1611 1006 1676 victoris
1020 1612 1156 1694 palme:

425 1711 537 1775 Bestia
551 1724 734 1777 sanctorum
749 1714 847 1777 labris
861 1714 995 1796 vestigia
1009 1713 1116 1792 linxit,

426 1811 627 1897 Obsequium
641 1814 800 1896 praebens,
814 1814 940 1897 predas
955 1814 1056 1878 oblita
1070 1823 1225 1878 recentes.

426 1911 490 1990 Sic,
505 1925 648 1977 mutante
663 1915 747 1991 Deo,
761 1916 936 1980 mitescunt
951 1913 1048 1981 corda
1063 1916 1209 1994 ferarum,

426 2015 580 2086 Quamvis
595 2019 763 2080 stultorum
779 2029 965 2102 torpescant
979 2017 1076 2082 corda
1092 2019 1242 2081 virorum.

428 2117 475 2180 Ut
489 2117 654 2203 quondam
669 2131 758 2184 vates
773 2122 845 2184 cola
860 2142 935 2185 cum
950 2132 1108 2185 commate
1123 2119 1290 2203 prompsit.

428 2218 603 2284 Edidicere
619 2231 726 2284 truces
740 2221 884 2304 praedam
899 2242 1022 2284 servare
1036 2222 1155 2286 leones.

429 2320 507 2384 Post
519 2321 590 2386 baec
607 2322 748 2405 martyrii
764 2334 947 2388 mercantur
961 2333 1044 2386 serta
1059 2331 1202 2400 cruenta,

430 2420 555 2484 Lucida
570 2422 722 2504 stelligeri
737 2423 928 2488 scandentes
944 2423 1084 2487 culmina
1099 2423 1185 2500 coeli,

432 2523 481 2587 Ad
496 2545 632 2608 quorum
648 2526 777 2589 tumbas
791 2525 906 2608 gelidae
921 2537 996 2610 post
1010 2527 1121 2588 limera
1136 2525 1247 2588 mortis

432 2626 574 2712 Corpore
588 2630 710 2692 calloso
726 2627 801 2692 dein
818 2649 930 2692 reuere
945 2627 1077 2713 leprosi,

432 2728 494 2800 Qui
510 2729 605 2791 simul
619 2729 654 2792 iu
669 2750 761 2794 sacro
775 2731 927 2813 baptismi
942 2729 1067 2811 gurgite
1083 2730 1187 2808 mersi,

434 2830 571 2914 Spiritus
587 2840 620 2893 et
633 2832 739 2895 carnis
753 2840 958 2915 sumpserunt
973 2828 1069 2894 corde
1083 2828 1251 2893 medelam.

478 2934 621 3017 Antiquo
635 2934 738 2997 firerat
751 2933 893 2997 famosus
907 2943 1049 3017 tempora
1064 2932 1198 3017 quidam

435 3034 591 3117 Legitima
605 3034 736 3100 Christo
751 3036 908 3098 famulans
923 3036 1114 3100 vernaculus
1129 3036 1206 3111 alto,

436 3137 539 3209 Quem
555 3136 668 3219 genuit
681 3136 803 3199 mundo
820 3137 941 3200 clarum
957 3137 1103 3201 Nilotica
1117 3139 1223 3215 tellus,

435 3236 534 3301 Sacra
548 3236 739 3319 pudicorum
755 3248 951 3320 querentem
966 3238 1055 3301 lucra
1069 3238 1218 3315 viromm,

437 3342 541 3414 Quem
556 3352 651 3404 vocat
665 3341 826 3424 AEgyptus
841 3341 961 3405 crebris
975 3341 1155 3405 rumoribus
1170 3342 1279 3405 Amos.

437 3443 577 3507 Plurima
590 3444 644 3507 hic
659 3443 757 3524 gessit
770 3443 922 3507 virtutum
937 3444 1030 3526 signa
1044 3442 1203 3519 sacerdos,

436 3544 499 3617 Qui
513 3544 575 3608 t‘uit
587 3545 623 3607 in
639 3544 753 3609 Nitriae
768 3543 929 3607 frondosis
944 3546 1056 3610 accola
1070 3542 1186 3622 dumis,

440 3646 595 3731 Squalidn
608 3645 727 3710 deserti
740 3667 916 3730 procurans
925 3646 1043 3731 jugera
1057 3646 1147 3710 ruris.

441 3750 506 3812 Hic
522 3750 614 3812 locus
629 3768 671 3810 ex
687 3748 781 3810 Nitro
797 3749 928 3811 sortitur
942 3748 1048 3811 Nitria
1062 3768 1188 3812 nomen.

440 3849 591 3915 Creditur
604 3848 766 3913 interdurn
782 3850 872 3933 quod
886 3871 1003 3913 nomen
1021 3852 1140 3915 saecula
1155 3851 1300 3935 gignunt.

441 3950 549 4015 Causa
561 3951 696 4014 sortuuae
712 3950 739 4013 si
754 3949 807 4013 his
822 3950 984 4015 confidere
1001 3953 1048 4015 sas
1063 3963 1111 4031 ut,

440 4055 475 4117 Si
489 4055 554 4117 fors
568 4064 625 4118 aut
639 4054 749 4131 samm,
764 4074 821 4116 seu
836 4053 1039 4118 constellatio
1054 4054 1231 4138 quidquem
1246 4064 1304 4131 est,

442 4156 480 4219 Si
494 4177 602 4239 parcas
616 4156 696 4219 nulli
711 4168 880 4240 parcentes
895 4157 950 4221 fila
965 4159 1155 4240 gubernant,

441 4260 573 4323 Mortali
588 4259 663 4323 vitae
678 4260 812 4344 fissaque
827 4268 950 4324 rotante
966 4259 1137 4337 minantur,

442 4360 541 4434 Quod
556 4360 643 4423 vehit
656 4361 690 4424 in
706 4361 791 4424 collo
806 4361 897 4425 tereti
912 4360 1068 4441 vertigine
1082 4361 1209 4423 molem.

443 4460 510 4525 Sed
525 4461 628 4542 magis
643 4461 787 4541 arbitror,
802 4461 892 4544 quod
906 4460 953 4525 sic
970 4469 1072 4523 erratu
1085 4479 1209 4524 reorum
