3759 5425
653 703 696 746 DE
711 699 877 748 alumnus
890 701 1127 748 viennensum.
1402 692 1422 745 7

361 852 585 933 considerans,
621 855 740 938 quibus
776 855 891 918 auimae
929 866 1120 937 aegrotorum
1156 854 1278 919 crudeli
1314 866 1420 937 strage

361 957 600 1032 sternebantur,
614 955 858 1019 saluberrimum
874 963 1083 1040 componeret
1095 956 1254 1039 malagma
1267 955 1422 1042 librisque

362 1057 521 1120 vimleuto
537 1057 714 1141 spiritualis
736 1057 889 1140 nequitiae
904 1057 1022 1140 poculo
1045 1057 1182 1120 letaliter
1202 1058 1342 1134 insectis,
1358 1079 1422 1123 coe-

362 1157 452 1222 lestis
466 1157 640 1222 medicinae
656 1157 834 1221 antidotum
851 1157 988 1220 vitaliter
1004 1157 1201 1241 propinaret,
1215 1179 1254 1222 ac
1269 1160 1421 1222 verticem

361 1262 471 1341 gabuli
493 1260 653 1324 scandens
675 1271 769 1322 sexta
791 1259 960 1336 sabbathi,
977 1259 1042 1323 hoc
1062 1271 1112 1322 est
1129 1281 1311 1343 parasceve,
1331 1273 1420 1344 pate-

363 1369 458 1436 retur,
481 1369 635 1424 maternae
659 1381 782 1424 memor
803 1361 994 1424 venerantiae
1016 1359 1178 1443 discipulo
1199 1361 1282 1423 inter
1308 1361 1420 1425 discri-

364 1461 451 1526 mina
464 1460 662 1545 perfidorum
678 1461 814 1524 militum
835 1474 972 1524 eventus
991 1482 1094 1524 rerum
1115 1462 1311 1544 praestolanti
1326 1483 1420 1544 gene·

363 1562 476 1626 tricem
499 1563 554 1645 pio
576 1563 733 1645 pracepit
753 1561 916 1638 tuendam,
935 1573 1055 1625 utnon
1074 1560 1335 1625 inconvenienter
1354 1584 1422 1626 car·

362 1666 449 1727 mine
478 1665 639 1748 rythmico
669 1664 734 1727 dici
764 1674 878 1747 queat:
918 1664 1066 1729 Christus
1101 1685 1216 1747 passus
1251 1665 1418 1748 patibulo:

362 1767 469 1850 Atque
484 1767 554 1830 lacti
568 1767 713 1844 latibulo,
728 1767 895 1848 Virginem
910 1768 1011 1845 Virgo
1026 1767 1151 1849 Virgini
1170 1767 1419 1832 commendabat

362 1870 523 1932 tutamini.
569 1871 604 1932 Is
630 1867 836 1952 postmodum
858 1869 1045 1932 labentibus
1068 1881 1248 1951 temporum
1269 1870 1379 1933 lustris
1400 1891 1421 1934 a

363 1970 563 2048 Domitiano,
590 1971 644 2054 qni
675 1991 733 2054 per
762 1971 847 2034 idem
878 1980 1006 2054 tempus
1036 1971 1171 2054 sceptris
1199 1970 1420 2054 imperialibus

360 2071 472 2148 t'retrm,
496 2093 581 2135 saeva
606 2081 834 2135 tormentorum
860 2071 1020 2154 supplicia
1041 2071 1229 2134 orthodoxae
1251 2071 1328 2134 fidei
1350 2075 1419 2136 cul-

360 2174 484 2237 toribus
514 2173 686 2254 irrogabat,
712 2172 849 2236 extorris
878 2173 912 2235 in
943 2171 1080 2234 Patbmo
1109 2173 1270 2251 relegatus
1298 2174 1419 2255 septies

360 2274 475 2337 vicena
490 2285 523 2338 et
538 2285 650 2356 quater
670 2272 754 2336 dena
768 2273 936 2354 Virginem
956 2272 1057 2335 millia
1075 2272 1253 2336 dulcisonis
1272 2273 1419 2337 melodiae

359 2373 575 2438 concentibus
598 2375 761 2438 canticum
785 2372 864 2437 rude
895 2373 1056 2450 canentia,
1076 2383 1187 2455 raptus
1215 2374 1250 2436 in
1278 2385 1419 2438 oramate

359 2485 512 2538 extaseos
527 2476 707 2538 auscultare
723 2486 755 2536 et
768 2474 864 2538 castis
879 2474 1045 2537 obtutibus
1065 2475 1276 2558 contemplari
1294 2478 1420 2552 memit,

359 2575 543 2660 dequibus
563 2575 685 2641 dictum
707 2589 774 2639 est:
811 2573 960 2657 Virgines
981 2576 1068 2639 euim
1090 2587 1167 2639 suut
1188 2586 1220 2639 et
1241 2590 1419 2660 sequuntur

361 2698 478 2761 agnum
510 2699 705 2763 quocunque
735 2678 816 2742 ierit.
863 2677 980 2743 (laeteri
1010 2677 1124 2741 fideles
1153 2677 1304 2741 audituri.
1348 2680 1418 2745 Ista

361 2779 464 2843 sancti
487 2778 684 2843 modulaturi
706 2791 780 2843 suut
802 2780 944 2843 carmina
966 2791 998 2841 et
1020 2799 1095 2843 eum
1116 2798 1202 2859 agno
1224 2779 1341 2861 pariter
1361 2802 1419 2864 per

361 2891 530 2963 augustam
547 2882 685 2945 aethralis
700 2883 789 2964 regni
805 2882 937 2964 gloriam
952 2880 1118 2963 gradituri.

404 2986 501 3047 vlu.
519 2984 590 3047 Nec
602 2995 710 3047 tamma
720 2983 918 3065 Virginalem
929 2981 1097 3065 pudicitiae
1106 2982 1241 3065 gloriam
1252 2982 1416 3049 immensis

358 3083 511 3149 laudibus
532 3085 772 3149 accumulantes
792 3098 824 3148 et
846 3083 888 3147 ad
911 3084 1095 3166 exemplum
1115 3083 1227 3166 rigidae
1250 3104 1416 3150 conversa·

358 3186 457 3249 tionis
472 3198 504 3250 et
519 3186 611 3249 ardui
622 3186 754 3249 sormam
766 3184 924 3270 propositi
936 3185 1061 3247 animos
1071 3185 1277 3249 militantium
1288 3186 1416 3250 Christo

359 3286 552 3370 instigantes
571 3288 778 3351 immaculata
798 3286 1001 3349 Matrimonii
1021 3287 1241 3364 contubernia,
1261 3298 1294 3349 et
1311 3286 1415 3368 legiti-

360 3410 448 3451 mum
462 3389 576 3470 legalis
591 3388 674 3451 thori
691 3387 899 3461 connubium,
919 3386 1019 3464 (sicut
1037 3386 1315 3449 schismaticorum
1335 3388 1415 3451 deli·

359 3500 504 3553 ramenta
530 3489 682 3571 garriunt)
710 3488 926 3571 spernendum
956 3486 1114 3550 ducimus.
1160 3486 1256 3559 Quod
1284 3488 1367 3551 absit
1397 3510 1416 3552 a

361 3588 531 3654 Catholica
544 3590 765 3654 Ecclesiamm
780 3588 856 3667 fide,
868 3588 1041 3671 praesertim
1055 3610 1128 3651 cum
1143 3608 1201 3671 pro
1216 3598 1304 3651 certo
1318 3608 1416 3651 nore·

362 3690 460 3753 rimus
487 3692 603 3775 priscis
634 3690 832 3772 temporibus
857 3690 1058 3759 Patriarohas
1083 3690 1212 3752 Divinae
1239 3688 1416 3752 sanctionis

361 3802 522 3875 precepta
544 3791 686 3877 conjugii
708 3790 830 3855 foedera
856 3802 1019 3854 servantes
1045 3810 1193 3873 supemae
1216 3800 1322 3869 gratos
1343 3790 1416 3853 Ma-

355 3894 465 3980 jestati
479 3896 627 3959 extitisse
643 3905 677 3958 et
691 3895 896 3959 sacrosancti
912 3894 1054 3978 Spiritus
1073 3892 1265 3955 charismate
1285 3894 1416 3958 refertos

361 3994 473 4059 suturae
500 3995 739 4058 incarnationis
769 3996 932 4058 cunabula
956 3990 1160 4075 Propheticis
1189 3995 1414 4075 passagiorum

361 4098 496 4160 vocibus
516 4096 716 4172 vaticinasse,
732 4104 768 4157 ut
787 4103 837 4156 est
855 4093 954 4156 illud:
980 4093 1056 4155 Non
1072 4090 1233 4154 auferetur
1247 4092 1414 4178 Sceptrum

361 4196 400 4261 de
412 4197 510 4276 Juda,
525 4210 559 4261 et
579 4197 648 4261 dux
665 4197 705 4261 de
728 4196 903 4260 femoribus
922 4194 1004 4279 ejus,
1017 4192 1123 4256 donec
1137 4193 1245 4257 veniat
1265 4198 1320 4278 qui
1342 4198 1414 4260 mit·

360 4301 475 4365 tendus
489 4311 539 4365 est
553 4311 587 4363 et
601 4301 671 4382 ipse
687 4300 746 4362 erit
760 4298 945 4381 expectatio
965 4296 1106 4378 gentium
1127 4304 1159 4357 et
1176 4294 1310 4379 reliqua,
1325 4298 1414 4382 quod

361 4402 490 4467 millena
506 4401 761 4467 testimoniorum
776 4398 924 4480 congerie
937 4395 1066 4480 liquido
1081 4395 1221 4477 probari,
1232 4409 1265 4459 et
1277 4399 1415 4483 experiri

359 4512 473 4583 potest
530 4503 596 4567 Sed
627 4502 724 4565 etiam
755 4499 844 4562 furvo
871 4498 1048 4563 facessante
1075 4496 1188 4561 veteris
1214 4497 1412 4563 instrumenti
