3759 5425
681 715 1101 766 namonrnusrraorsnu.
1355 700 1413 762 185

453 862 548 932 Tunc
562 868 672 950 proles
684 869 785 952 coepit
799 870 904 934 verbis
917 890 1043 936 namara
1057 871 1191 954 parenti,

453 964 549 1037 Quod
564 966 662 1031 vellet
675 967 805 1033 Christo
813 970 934 1055 jugiter
948 972 1064 1036 senire
1078 969 1209 1056 pudica,

454 1067 562 1152 Atque
575 1068 703 1132 thorum
717 1071 829 1153 sponsi
842 1073 954 1135 mallet
966 1082 1169 1136 contemnere
1184 1073 1283 1156 virgo,

453 1169 559 1232 Aurea
572 1182 739 1252 gemmatas
753 1172 904 1256 linquens
918 1173 1095 1258 crepundia
1107 1193 1247 1258 pompae,

455 1269 564 1355 thue
578 1273 753 1354 peregrinis
767 1273 857 1338 daret
869 1286 1057 1341 ornamenta
1068 1295 1249 1360 procorum,

454 1367 655 1454 Pauperibus
668 1373 786 1457 stipem
801 1375 956 1455 tribuens,
970 1387 1004 1440 et
1017 1396 1149 1442 munera
1162 1377 1297 1456 mancis,

454 1469 701 1556 'l'hesaurosque
716 1484 788 1539 tuos
801 1477 862 1540 sub
876 1477 953 1542 coeli
968 1475 1121 1542 conderet
1134 1499 1219 1542 arce.

455 1571 537 1636 Filia
550 1594 629 1638 mox
643 1585 776 1641 matrem
789 1577 857 1641 latu
870 1579 1011 1643 correxit
1025 1578 1140 1655 amico,

456 1671 596 1738 Credula
609 1676 760 1758 virgineis
774 1679 972 1761 pandentem
984 1690 1115 1764 pectora
1127 1679 1244 1757 verbis,

457 1773 502 1838 Ut
515 1774 611 1839 simul
625 1778 775 1842 offerrent
789 1778 872 1843 dites
886 1780 1078 1863 patrimonia
1091 1781 1222 1846 Christo

455 1874 552 1948 Quod
566 1876 644 1941 dnm
659 1889 857 1961 compertum
872 1881 959 1962 vulgi
974 1901 1118 1945 sermone
1133 1881 1321 1946 crebrescit:

455 1978 561 2060 Atque
576 1977 747 2061 fatigantur
760 1981 860 2044 sacris
873 1981 1054 2045 mmoribus
1069 2001 1169 2046 aures.

456 2077 584 2142 Tetrica
597 2099 674 2142 mox
689 2080 802 2163 sponsi
815 2081 939 2146 fervent
951 2081 1127 2166 precordia
1140 2082 1224 2162 selle,

456 2179 639 2261 Gorgoneis
651 2181 773 2245 inlecta
786 2182 882 2246 malis
894 2204 954 2267 pro
969 2183 1090 2266 virgine
1104 2183 1265 2268 adempta,

456 2281 562 2354 Quam
576 2281 639 2346 sibi
655 2283 802 2347 Salvator
815 2305 968 2368 sponsam
982 2286 1147 2368 copularat
1161 2284 1314 2362 adultam,

456 2382 628 2465 Sanguinis
641 2383 800 2448 arrhatam
814 2385 1008 2470 conquirens
1023 2383 1097 2450 dote
1111 2385 1261 2468 puellam.

458 2484 633 2566 Ignescunt
646 2485 760 2570 populi
774 2486 973 2570 lymphatica
988 2486 1087 2550 corda
1100 2485 1243 2562 furentis,

458 2584 608 2667 Ringitur
621 2596 654 2651 et
668 2589 782 2650 consul
796 2585 867 2651 (lira
879 2587 1073 2652 Paschasius
1086 2587 1143 2664 ira,

460 2686 547 2751 Dum
561 2688 763 2753 altercaretur
776 2687 895 2753 crudus
909 2709 984 2752 cum
999 2708 1077 2751 vocs
1092 2697 1256 2772 tyrannus,

458 2790 487 2852 A
502 2788 632 2854 Christo
647 2810 799 2874 sponsam
813 2790 919 2853 nitens
933 2788 1055 2853 auferre
1071 2797 1246 2851 venustam.

459 2887 543 2955 Cum
556 2911 618 2955 nec
632 2911 814 2954 sermonum
829 2890 967 2954 stimulis
981 2889 1117 2954 cedebat
1132 2889 1274 2953 acerbis:

460 2992 531 3056 Nec
544 2991 664 3057 blanda
678 2992 765 3056 flecti
779 2994 932 3056 lenonum
946 2991 1057 3056 fraude
1073 2992 1208 3069 valebat,

460 3093 647 3166 Quamlibet
659 3092 702 3156 ad
716 3103 832 3157 tetmm
847 3094 1023 3158 traheretur
1036 3093 1112 3157 fune
1127 3094 1271 3176 lupanar,

460 3195 565 3278 Atque
579 3194 678 3257 bores
692 3192 809 3276 pariter
822 3193 996 3257 traxissent
1010 3192 1147 3257 restibus
1161 3195 1290 3257 almam·

460 3294 662 3378 Quamquam
677 3303 811 3358 tortores
825 3296 959 3359 affarent
972 3296 1048 3377 igue
1061 3295 1223 3371 tenellam,

461 3396 501 3458 ln
516 3416 581 3481 quo
594 3396 686 3477 nigra
700 3394 793 3479 picis,
807 3416 935 3459 necnon
950 3406 983 3459 et
996 3395 1127 3479 pinguis
1142 3393 1220 3457 olivi

460 3498 608 3561 Flumina
620 3497 759 3561 terrifico
775 3498 977 3580 crepitabant
990 3506 1072 3559 torre
1087 3514 1247 3579 pyrarum,

464 3599 510 3663 Ut
521 3601 625 3684 magis
638 3601 799 3665 horrorem
814 3598 943 3663 sentiret
957 3597 1045 3678 virgo
1059 3598 1164 3671 beata,

461 3700 604 3765 Plurima
618 3700 694 3765 dum
709 3701 848 3764 flammis
862 3708 1015 3780 augerent
1028 3695 1149 3779 pabula
1162 3692 1246 3777 pagi.

460 3801 526 3867 Sed
541 3804 606 3867 cito
620 3803 766 3866 vexantis
780 3799 917 3865 cedebat
930 3797 1083 3860 machina
1096 3814 1212 3879 poenre.

462 3904 617 3971 Innocuis
629 3924 740 3987 prunae
755 3908 914 3967 coxerunt
927 3900 1070 3963 membra
1085 3894 1210 3970 favillis,

462 4017 659 4081 Defensante
674 4010 759 4084 Deo,
773 4006 982 4085 flammasque
997 4000 1126 4080 lugente
1141 4013 1299 4075 rogorum,

463 4120 558 4184 Tunc
572 4114 670 4199 igitur
683 4111 794 4175 morbo
808 4104 925 4169 mentis
939 4099 1098 4164 cruciatus
1113 4095 1240 4170 acerbo,

464 4223 541 4284 Non
556 4216 631 4280 tulit
645 4209 852 4297 opprobrium
862 4204 968 4288 judex
983 4222 1003 4263 a
1016 4196 1139 4280 virgine
1152 4198 1291 4259 lactum:

464 4318 614 4388 Candida
628 4315 685 4379 sed
698 4310 802 4393 rigido
816 4304 948 4370 violavit
962 4302 1082 4363 viscera
1097 4300 1188 4362 ferro.

464 4427 647 4507 Purpureus
662 4434 754 4479 cruor
769 4407 931 4488 extemplo
947 4401 986 4465 dc
1002 4420 1096 4464 carne
1111 4397 1260 4471 manavit,
