3759 5425
451 672 496 731 tto
814 689 839 731 s
855 686 1030 733 sinuatur
1049 685 1151 732 trusa

453 840 556 922 Agnes
571 840 736 924 exemplar
751 842 884 904 coelibes
898 839 1090 922 integritatis
1106 838 1309 902 aemulatores
1325 845 1357 900 et
1372 834 1511 898 carnalis

451 940 613 1024 spurcitiae
632 950 868 1026 contemptores
888 940 1021 1003 minime
1042 941 1148 1003 lateat.
1193 938 1346 1011 Quinimo
1363 935 1508 1022 ejusdem

452 1041 616 1123 vngtnms
638 1043 794 1126 propositi
812 1041 1028 1126 participibus
1050 1053 1081 1105 ct
1105 1053 1202 1105 castae
1225 1039 1404 1104 sodalitatis
1428 1059 1508 1101 con-

451 1143 591 1207 sortibus
610 1143 801 1222 innotescat,
816 1165 889 1228 quae
909 1163 969 1225 pro
988 1141 1172 1223 integritate
1194 1140 1361 1219 servanda,
1377 1159 1506 1202 omnem

451 1256 711 1310 ornamentorum
738 1245 870 1327 gloriam
901 1265 921 1307 a
949 1244 1052 1307 Proco
1082 1241 1225 1326 praefecti
1255 1242 1323 1304 filio
1352 1241 1507 1315 oblatam,

451 1357 610 1431 quatenus
638 1346 746 1411 oblata
773 1347 957 1430 impetraret
983 1344 1156 1422 connubia,
1177 1354 1215 1408 ut
1236 1343 1342 1407 lurida
1364 1344 1506 1406 soetentis

452 1450 572 1512 cloacae
594 1449 761 1514 volutabra
783 1459 995 1512 contemnens
1017 1445 1241 1531 hujuscemodi
1258 1466 1416 1528 responsa
1433 1443 1506 1507 red·

452 1547 572 1613 didisse
586 1550 703 1613 fertur:
742 1546 885 1614 Discede
899 1570 919 1612 a
933 1569 985 1612 me
1006 1547 1107 1614 fomes
1123 1548 1261 1630 peccati,
1276 1547 1505 1611 nutrimentum

450 1649 613 1725 facinoris,
627 1650 783 1734 pabulum
803 1650 924 1727 mortis,
940 1649 1018 1733 quia
1034 1648 1106 1733 jam
1128 1650 1169 1712 ab
1183 1649 1247 1713 alio
1263 1661 1403 1712 amatore
1424 1669 1506 1733 prae·

452 1764 547 1817 rents
560 1773 642 1832 sum,
653 1753 710 1837 qui
723 1775 776 1816 me
785 1753 906 1816 annulo
921 1751 1000 1815 fidei
1015 1773 1080 1816 sure
1096 1752 1283 1829 subarravit,
1293 1749 1507 1815 circumdedit

452 1875 504 1918 me
526 1854 732 1918 vernantibus
759 1866 856 1937 atque
882 1853 1128 1917 coruscantibus
1159 1852 1304 1933 gemmis,
1325 1850 1431 1915 induit
1453 1872 1504 1914 me

451 1956 588 2041 cyclade
616 1977 694 2020 auro
721 1966 823 2035 texta,
847 1955 940 2039 cujus
970 1967 1060 2039 pater
1088 1955 1250 2019 foeminam
1272 1953 1388 2030 nescit,
1412 1953 1506 2036 cujus

451 2069 553 2124 mater
565 2058 665 2142 Virgo
680 2069 739 2136 est,
753 2059 809 2122 cui
829 2059 946 2141 Angeli
960 2059 1113 2136 serviunt,
1128 2057 1220 2142 cujus
1234 2053 1506 2140 pulchritudinem

452 2159 509 2226 sot
524 2170 557 2223 et
567 2160 661 2222 Luna
674 2159 838 2223 mirantru.
874 2159 920 2221 Et
932 2159 1010 2222 licet
1024 2157 1119 2242 hujus
1134 2157 1178 2221 rei
1194 2157 1295 2240 gratia
1309 2155 1352 2219 ad
1367 2155 1505 2219 invisum

451 2260 622 2347 prostibuli
647 2261 792 2344 lupanar,
813 2261 870 2325 ubi
894 2270 1070 2324 scortomm
1098 2260 1288 2324 detestanda
1309 2258 1507 2322 obscoenitas

451 2361 630 2426 bacchatur
657 2372 690 2425 ct
726 2361 867 2425 frontosa
901 2360 1098 2424 moecharum
1134 2359 1339 2444 impudentia
1374 2359 1508 2442 turpiter

450 2472 622 2547 stupratur,
651 2462 692 2527 ad
728 2462 847 2527 infame
877 2462 1020 2526 dedecus
1049 2465 1202 2528 natalium
1232 2463 1370 2547 propriis
1406 2473 1507 2527 exuta

451 2564 596 2630 restibus
631 2565 829 2631 trudereturr
874 2565 998 2628 Tamen
1029 2585 1163 2630 corusco
1199 2565 1346 2629 immensi
1374 2563 1507 2626 luminis

451 2663 624 2751 splendore
644 2666 760 2730 rallata
774 2664 941 2749 Angelicis
962 2664 1075 2729 fruitur
1095 2664 1324 2749 conspectibus
1346 2674 1380 2729 et
1400 2663 1507 2748 peplis

452 2766 590 2831 donatur
618 2766 808 2831 dominicis:
847 2769 877 2831 0
907 2776 1027 2851 quanta
1061 2780 1109 2831 est
1146 2768 1324 2831 furibundae
1360 2764 1506 2831 libidinis

451 2866 610 2946 ferocitas,
639 2878 672 2931 et
708 2888 726 2929 e
756 2867 881 2931 diverso
910 2850 1033 2951 quanta¹
1059 2876 1109 2931 est
1142 2867 1342 2932 reconciliati
1372 2866 1505 2950 pudoris

451 2964 575 3050 pietas!
613 2968 699 3030 Nam
714 2987 789 3029 cum
810 2967 962 3050 praefatus
984 2968 1205 3031 obscoenitatis
1225 2978 1347 3031 amator
1366 2967 1505 3030 flammis

451 3067 635 3131 carnalibus
663 3087 850 3145 succensus,
878 3068 1015 3150 lupanar
1051 3090 1125 3131 oum
1154 3069 1319 3133 sodalibus
1348 3069 1503 3132 scelerem

451 3166 686 3249 aggrederetur,
704 3175 740 3229 ut
758 3166 883 3248 Virgini
904 3169 1126 3233 sacratissimas
1148 3191 1266 3254 spurca
1286 3169 1433 3235 linocinii
1454 3171 1503 3234 lu·

450 3268 555 3332 dibria
581 3269 679 3333 labris
699 3270 889 3352 procacibus
917 3270 1082 3353 irrogaret,
1102 3272 1243 3336 coelestis
1264 3272 1319 3336 irre
1349 3293 1502 3337 mucrone

450 3370 625 3454 perniciter
639 3372 806 3455 perculsus
827 3372 993 3451 occubuit,
1012 3384 1044 3437 et
1065 3374 1164 3437 veluti
1183 3374 1254 3436 Oza
1275 3394 1382 3437 arcam
1405 3384 1502 3439 testa·

450 3471 562 3550 menti,
590 3472 647 3535 ubi
676 3471 766 3553 virga
794 3472 1004 3549 Pontificalis,
1035 3495 1109 3557 quae
1138 3474 1332 3551 fronduerat,
1362 3486 1394 3537 et
1423 3496 1503 3538 urna

451 3594 547 3637 aurea
572 3572 697 3637 coeleati
722 3594 852 3637 munere
874 3574 990 3637 referta
1015 3575 1173 3658 simulque
1198 3575 1316 3639 tabulae
1342 3576 1500 3658 Dccalogi

450 3675 552 3739 literis
580 3676 723 3753 sulcatae,
750 3675 1015 3753 recondebantur,
1043 3677 1218 3760 prophanis
1247 3676 1395 3740 manibus
1424 3698 1501 3741 con-

451 3776 573 3857 tingere
603 3798 670 3841 non
698 3788 852 3855 metuens,
873 3776 950 3840 ilico
980 3777 1157 3841 immaturae
1187 3779 1298 3842 mortis
1323 3778 1500 3843 vindictam

451 3878 599 3940 exsolvit.
644 3878 711 3943 Sed
733 3898 841 3942 rursus
863 3876 904 3941 ad
924 3878 1079 3962 potiorem
1098 3880 1162 3943 Dei
1185 3880 1328 3961 gloriam,
1350 3890 1382 3943 et
1400 3878 1501 3941 insul-

450 3984 568 4041 tatores
589 3977 767 4043 Catholicae
789 3977 876 4056 fidei,
891 3978 949 4062 qui
971 3980 1188 4061 cogitaverunt
1210 3980 1391 4057 consilium,
1412 3979 1502 4066 quod

450 4099 517 4142 non
539 4088 714 4163 potuerunt
738 4078 891 4155 stabilire,
912 4079 1019 4141 balbis
1040 4081 1214 4145 buccarum
1236 4082 1365 4145 labellis
1388 4084 1501 4145 obmu-

448 4190 608 4243 tescerent
621 4190 653 4243 et
666 4179 818 4263 porcinus
828 4199 1022 4262 paganorum
1039 4180 1188 4264 strepitus
1202 4192 1313 4244 contra
1327 4182 1502 4245 immunem

448 4278 609 4343 Ecclesiae
639 4280 818 4344 castitatem
855 4279 991 4343 seviens
1019 4282 1178 4363 spumosis
1208 4281 1360 4345 dentibus
1389 4282 1502 4345 acriter

449 4379 601 4459 grunnire
623 4378 799 4456 desisteret,
822 4380 961 4445 eundem
983 4380 1124 4447 rediviva
1146 4384 1299 4468 sospitate
1325 4383 1500 4447 subnixum

450 4478 491 4543 de
507 4478 622 4545 inferni
644 4481 796 4563 voragine
815 4482 945 4549 reduxit
963 4482 1005 4548 ad
1025 4484 1148 4550 lumina
1162 4486 1246 4563 rite,
1262 4498 1294 4549 et
1313 4506 1391 4549 mox
1412 4506 1502 4549 roseo
