3759 5425
459 656 522 717 828
739 670 893 719 sermons
909 672 953 718 sn
968 672 1145 736 scrscruu,
1160 672 1232 719 src.

459 822 580 887 cundia
608 824 690 903 freti,
717 838 750 889 et
779 827 937 908 Argolicae
966 828 1156 893 urbanitatis
1184 827 1352 913 privilegio
1383 825 1505 911 praediti

460 925 683 1010 quadrifariam
698 928 924 1011 agriculturam
938 929 1051 1011 lingua
1065 930 1201 1011 Pelasga
1216 928 1482 1013 deprompserint

504 1029 654 1115 Denique
667 1030 757 1115 prius
769 1051 864 1114 quam
879 1051 983 1094 sermo
995 1052 1164 1116 supremus
1174 1030 1372 1115 competenti
1383 1029 1509 1093 calculo

460 1137 655 1215 terminetur,
664 1146 798 1221 patema
806 1136 1023 1201 sollicitudine
1032 1150 1256 1221 coactusque
1266 1136 1351 1199 solet
1360 1148 1506 1199 natorum

459 1238 638 1302 commodis
668 1238 848 1314 consulere,
877 1258 1067 1303 commoneo
1093 1249 1128 1303 ut
1153 1260 1191 1303 ea
1215 1257 1288 1322 quie
1318 1236 1508 1301 difficillima

459 1340 585 1406 sudoris
599 1352 632 1405 et
644 1340 764 1405 leboris
783 1340 950 1420 industria,
965 1363 1004 1405 ac
1026 1341 1055 1406 si
1077 1342 1165 1423 greri
1188 1340 1315 1405 sarcina
1335 1360 1508 1424 oppressus

459 1442 612 1508 dictando
634 1441 877 1525 descripseram,
890 1443 958 1507 sine
982 1442 1109 1507 sudoris
1130 1458 1163 1507 et
1183 1443 1301 1507 laboris
1316 1442 1509 1506 contritione

458 1545 605 1610 rimanda
623 1557 656 1610 et
677 1543 874 1609 recensenda
896 1546 1078 1609 nullatenus
1104 1544 1286 1629 spernendo
1309 1556 1510 1620 contemnas,

458 1668 498 1711 ac
521 1648 646 1712 solertis
669 1646 790 1728 ingenii
813 1647 947 1728 gratiam
976 1668 1042 1732 prae
1066 1647 1191 1711 ceteris
1217 1645 1453 1710 contribulibus
1474 1656 1511 1708 et

459 1749 631 1814 coetaneis
657 1750 717 1814 tibi
746 1747 900 1813 divinitus
927 1751 1079 1814 collatam
1103 1750 1259 1833 torpentis
1287 1749 1343 1813 otii
1370 1748 1508 1831 segnitie

458 1851 659 1935 squalescere
680 1851 821 1936 patiaris.
864 1852 911 1915 Et
931 1850 1105 1915 absurdum
1131 1872 1249 1935 nempe
1268 1850 1404 1915 arbitror
1423 1850 1452 1914 si
1473 1862 1507 1913 te

457 1963 628 2036 pertesum
653 1954 695 2016 sit
723 1954 894 2019 affabiliter
915 1955 1139 2037 investigando
1163 1966 1196 2019 et
1223 1953 1411 2018 ventilando
1434 1974 1507 2037 per·

457 2054 683 2139 currere,quod
693 2077 745 2119 me
753 2070 924 2141 penem
933 2080 998 2121 nou
1010 2059 1071 2122 luit
1079 2058 1249 2125 difficulter
1258 2054 1508 2121 commentando

456 2169 489 2221 et
503 2155 724 2221 coacervando
740 2158 894 2242 digerere,
910 2162 938 2224 si
959 2160 1040 2224 illud
1066 2160 1222 2245 (inquam)
1239 2172 1271 2223 te
1294 2161 1405 2244 pigeat
1418 2160 1507 2222 velut

455 2259 704 2324 insolescentem
712 2282 749 2324 ec
762 2260 934 2325 delicatum
946 2262 1099 2345 paulatim
1110 2260 1277 2325 masticare
1287 2281 1324 2323 ac
1334 2258 1505 2335 ruminare,

457 2360 544 2447 quod
558 2384 609 2427 me
623 2384 690 2427 non
708 2363 821 2448 piguit,
835 2376 946 2448 utpote
965 2364 1093 2447 pistoris
1113 2362 1270 2448 pinsentis
1284 2362 1394 2425 officio
1413 2361 1503 2424 bruc-

456 2466 725 2529 tumcommolere
736 2476 769 2529 et
778 2466 899 2529 tollere.
944 2465 1095 2538 Quemvis
1105 2485 1181 2547 ergo
1192 2460 1362 2527 mundane
1373 2462 1501 2546 dispen-

456 2569 588 2632 sationis
603 2568 698 2645 curis,
713 2569 801 2631 velut
821 2567 964 2651 scopulis
977 2567 1085 2630 refluis
1108 2567 1248 2649 algarum
1263 2564 1456 2628 illisionibus
1469 2575 1502 2628 et

455 2670 612 2735 uudaurm
626 2669 930 2764 circumlatrantium
945 2669 1128 2748 vorticibus,
1143 2668 1293 2751 fatigatus
1307 2668 1501 2752 populorum

453 2773 544 2837 frena
566 2773 809 2836 commissorum
830 2771 1029 2836 moderando
1053 2773 1223 2854 gubernes,
1237 2791 1441 2855 nequaquam
1456 2783 1502 2834 ta·

454 2897 527 2938 men
542 2875 638 2959 hujus
652 2875 697 2938 rei
712 2875 812 2958 gratia
826 2873 1021 2959 praepeditus
1037 2875 1190 2938 melliflua
1203 2873 1381 2937 divinarum
1396 2872 1502 2937 studia

454 2978 679 3060 scripturarum
694 2976 897 3059 negligenda,
908 2987 942 3041 et
955 2979 1015 3041 sub
1026 2975 1210 3061 hujusmodi
1225 2976 1406 3040 occasionis
1418 2997 1501 3060 pre·

453 3087 545 3140 textu
559 3077 648 3160 parri
664 3077 839 3160 pendenda
853 3077 964 3142 ducas.

498 3180 583 3242 Nam
592 3178 731 3263 inclytus
739 3180 794 3244 ille
806 3180 1020 3259 Theodosius,
1028 3190 1065 3244 ut
1075 3181 1180 3266 prisca
1192 3192 1333 3244 veterum
1346 3181 1503 3264 opuscula

452 3281 603 3368 produnt,
618 3283 673 3367 qui
689 3284 787 3348 totius
800 3284 1032 3368 propemodum
1048 3283 1158 3348 mundi
1176 3287 1359 3366 gubernans
1373 3303 1500 3348 monar-

455 3385 563 3450 chiam
584 3383 798 3464 maritabatur,
820 3395 853 3448 et
870 3385 1034 3467 regalibus
1055 3385 1198 3450 florentis
1219 3386 1344 3471 imperii
1367 3387 1502 3470 sceptris

453 3486 609 3552 undecies
637 3486 767 3550 labente
796 3507 952 3550 annorum
982 3487 1102 3552 circulo
1133 3487 1267 3551 feliciter
1298 3489 1500 3570 fungebatur,

455 3587 634 3674 quotidiani
656 3600 802 3671 sumptus
820 3588 1003 3652 alimoniam
1027 3600 1059 3654 et
1079 3611 1240 3675 corporeae
1261 3593 1498 3658 sustentationis

453 3692 607 3769 edulium,
616 3690 650 3753 in
660 3689 779 3774 quibus
789 3689 968 3754 mortalium
979 3691 1129 3756 vivacitas
1143 3692 1292 3770 rescitur,
1301 3692 1335 3756 in
1345 3695 1498 3777 precelso

453 3793 620 3879 potestatis
648 3791 788 3856 culmine
823 3792 994 3875 antiquarii
1023 3793 1186 3878 scriptoris
1214 3795 1423 3859 mercimonia
1449 3797 1497 3859 in·

455 3894 605 3979 demptus
626 3905 685 3972 est,
708 3895 829 3957 maleus
852 3894 1077 3977 scripturarum
1100 3897 1314 3960 emolumento
1337 3897 1496 3962 literarum

453 3999 589 4064 carnalis
611 3998 682 4061 ritae
705 3998 898 4061 nutrimenta
919 4019 978 4082 per
1000 3997 1117 4062 laboris
1141 3999 1329 4064 exercitium
1351 3998 1498 4084 udipisci,

453 4123 548 4188 quam
564 4100 673 4164 inertis
687 4098 820 4162 desidiae
844 4110 971 4184 torpore
987 4101 1152 4165 tabescens
1173 4102 1318 4184 gratuitis
1332 4103 1497 4186 epularum

454 4203 578 4268 deliciis
593 4200 742 4282 saginari.
788 4198 883 4264 Unde
897 4201 994 4264 etiem
1018 4223 1091 4266 cunr
1116 4203 1272 4268 Prisciani
1289 4205 1498 4269 Grammatici

453 4303 571 4369 XVIII
587 4301 760 4376 volumina,
775 4301 831 4385 qui
845 4302 1000 4364 Romane
1014 4303 1122 4367 lumen
1143 4303 1301 4369 facundie
1315 4307 1498 4385 vocabatur,

451 4405 597 4491 proprius
611 4405 788 4488 palmarum
803 4401 1042 4486 digituliscelce
1054 4417 1146 4468 tenus
1158 4406 1281 4487 digesta
1293 4408 1498 4486 describeret,

451 4503 628 4566 ²-urditam
653 4503 907 4565 antecessoribus
929 4514 961 4565 et
982 4505 1182 4586 inexpertam
1203 4511 1367 4589 praeteritis
1394 4529 1496 4573 saecu·

1610 862 1642 1308 l

1638 1475 1651 1735 ς
