3759 5425
482 719 524 778 78
837 735 862 780 s.
879 733 1056 779 annaeum
1074 733 1174 778 arnna

477 887 575 950 vibex
600 887 708 964 amici,
730 907 826 969 quam
853 886 993 954 adulatio
1025 887 1123 952 fallax
1155 886 1286 949 inimici.
1338 884 1435 948 Unde
1457 905 1540 968 pro-

479 987 622 1050 verbium
638 987 764 1065 dicitur,

656 1133 760 1200 Lisrgua
771 1132 929 1185 assentatrix
940 1131 1032 1184 vitium
1044 1133 1175 1203 peccantis
1187 1134 1301 1197 acerbat,

691 1218 728 1270 nt
739 1216 897 1270 delectatum
909 1217 1015 1270 crimine
1027 1216 1104 1270 laude
1115 1216 1191 1285 ligat.

480 1353 524 1416 Et
539 1352 630 1429 infra,
645 1351 760 1442 inquit,

656 1493 753 1546 Libera
764 1493 800 1546 eit
810 1494 896 1564 potius
906 1511 958 1546 vox
970 1494 1118 1547 correctoris
1130 1494 1221 1556 amiei;

690 1578 798 1650 Serpere
808 1595 857 1630 nec
867 1576 943 1630 fibris
952 1595 1020 1631 eaeoa
1032 1595 1133 1630 venena
1145 1579 1222 1633 sinat.

480 1715 696 1789 Quamobrem
718 1715 759 1777 ab
782 1715 932 1777 omnibus
959 1715 1150 1796 generaliter
1174 1713 1382 1795 indulgentiae
1406 1713 1534 1776 veniam

479 1837 545 1879 uon
560 1815 732 1879 difficulter
743 1814 977 1899 impetrandam
992 1837 1072 1892 reor,
1085 1816 1161 1900 qnia
1175 1817 1336 1879 neminem
1353 1814 1538 1899 specialiter

478 1939 660 1982 sermonum
674 1917 824 1981 severitas
839 1917 1029 1998 castigando
1044 1919 1260 1982 exacerbavit.
1303 1919 1387 1980 Nam
1403 1915 1533 1998 passiva

478 2020 688 2103 plurimorum
717 2019 908 2100 generalitas
933 2039 1138 2102 nequaquam
1162 2018 1235 2102 jure
1263 2017 1395 2082 lacerari
1422 2015 1530 2094 debet,

478 2119 535 2183 ubi
564 2118 713 2203 specialis
742 2120 940 2202 singulorum
970 2122 1147 2204 proprietas
1178 2120 1299 2203 culpari
1329 2139 1394 2181 non
1425 2119 1530 2194 valet3

478 2221 614 2283 multum
644 2220 767 2303 qnippe
792 2241 893 2301 genus
914 2229 948 2282 et
969 2222 1106 2304 speclea,
1123 2221 1186 2285 hoc
1209 2231 1267 2297 est,
1290 2218 1479 2302 generalitas
1500 2229 1535 2280 et

478 2320 670 2404 specialitas,
686 2322 728 2385 ab
742 2321 878 2384 invicem
894 2321 1055 2386 differunt.
1107 2322 1172 2386 Sed
1188 2321 1229 2384 de
1244 2323 1373 2385 intactae
1389 2318 1534 2399 Virgini-

477 2422 554 2486 tatis
578 2421 681 2505 gloria
705 2422 820 2486 dicturi
847 2423 1078 2507 propemodum
1101 2425 1273 2507 superflue,
1296 2423 1336 2485 de
1361 2421 1535 2506 peplorum

478 2523 618 2588 amiculo
631 2523 871 2603 rhetoricamur,
886 2547 961 2589 cum
977 2525 1018 2589 de
1039 2525 1205 2608 pudicitiae
1224 2535 1346 2604 tantum
1370 2521 1536 2606 praeconio

479 2626 607 2691 remotis
635 2627 799 2713 paulisper
828 2627 1022 2713 reliquarum
1051 2649 1155 2691 rerum
1183 2627 1320 2711 negotiis
1342 2634 1437 2708 prout
1461 2643 1536 2704 gra·

478 2728 560 2793 tuita
574 2730 638 2793 Dei
653 2731 754 2810 gratia
769 2730 961 2815 suppeditat,
976 2730 1198 2814 philosophari
1214 2728 1423 2792 decrevimus,

523 2830 629 2894 Omne
652 2833 771 2894 etenim
800 2853 888 2915 purae
912 2832 1111 2913 virginitatis
1134 2831 1335 2916 privilegium
1361 2827 1466 2911 potius
1494 2826 1532 2887 in

481 2932 550 2993 solo
564 2932 675 2994 libera·
694 2932 810 2994 mentis
825 2932 977 3016 praesidio
998 2943 1148 3008 servatur,
1164 2952 1258 3015 quam
1280 2930 1315 2992 in
1340 2940 1408 2991 arto
1429 2923 1536 2990 carnis

478 3034 625 3096 clustello
647 3032 840 3111 continetur,
862 3044 894 3096 et
914 3034 1016 3114 magis
1045 3032 1215 3097 inflexibili
1238 3032 1393 3094 ultroneae
1417 3028 1532 3090 volun·

478 3133 553 3197 tatis
586 3133 716 3196 arbitrio
753 3135 921 3197 salubriter
958 3145 1087 3215 tutatur,
1117 3156 1212 3219 quam
1242 3142 1356 3196 coacto
1387 3130 1533 3214 corporis

478 3234 632 3298 famulatu
653 3233 800 3297 funditus
821 3235 863 3298 ad
886 3235 1024 3299 nihilum
1046 3236 1218 3318 redigatur,
1232 3232 1318 3297 unde
1334 3231 1534 3312 Augustinus

479 3335 556 3399 Afer
577 3335 800 3419 Hipponensis
822 3338 969 3421 pontifex
992 3340 1137 3421 elegante
1157 3358 1260 3423 prosae
1283 3332 1441 3399 sententia
1459 3354 1535 3417 pro-

478 3444 601 3525 mulgat
622 3441 753 3505 dicens:
787 3442 838 3505 Ita
858 3464 925 3505 non
949 3444 1105 3507 amittitur
1127 3443 1270 3527 corporis
1293 3438 1444 3505 sanctitas
1465 3458 1534 3500 ma-

479 3554 577 3608 nente
610 3542 710 3605 animi
746 3544 927 3621 sanctitate,
956 3544 1050 3608 etiam
1088 3563 1221 3629 corpore
1255 3562 1419 3627 oppresso,
1450 3540 1536 3603 sicut

479 3646 632 3711 amittitur
652 3644 795 3729 corporis
817 3648 983 3721 sanctitas,
1005 3647 1124 3711 violata
1146 3646 1245 3709 animi
1266 3644 1415 3730 puritate,
1436 3643 1532 3705 etiam

480 3768 613 3830 corpore
626 3746 758 3825 intacto,
773 3744 860 3828 quod
875 3746 1013 3829 Prosper
1022 3767 1080 3830 per
1096 3748 1168 3811 cola
1183 3757 1215 3810 et
1230 3754 1388 3810 commata
1402 3742 1533 3806 mellitis

478 3866 626 3911 versuum
641 3847 937 3931 Epigrammatibus
950 3847 1133 3925 inculcavit,
1148 3847 1277 3910 dicens:

689 3976 767 4030 Mens
778 3975 861 4029 illaesa
871 3976 938 4029 nihil
950 3976 1044 4030 violato
1056 3978 1083 4029 in
1095 3994 1198 4047 corpore
1210 3976 1296 4049 perdit

727 4062 842 4115 Invitam
855 4062 939 4114 carnis
952 4062 1057 4116 vulnera
1068 4080 1120 4115 nou
1132 4062 1271 4115 maculant.

690 4148 748 4201 Nee
760 4148 856 4200 crimen
867 4145 930 4201 iacti
942 4149 1043 4218 recipit,
1054 4166 1107 4200 nou
1118 4148 1204 4200 mixta
1215 4146 1335 4200 voluntas

724 4232 804 4287 Velle
815 4234 900 4301 magis
911 4232 1020 4298 facium,
1033 4251 1109 4302 quam
1121 4232 1231 4287 tolerare
1243 4238 1328 4285 nocet.

690 4320 734 4372 Sic
746 4325 835 4372 autem
847 4318 882 4371 ad
892 4318 976 4371 cordis
987 4317 1132 4391 penetralia
1144 4324 1236 4371 cuncta
1248 4322 1391 4381 recurrunt,

726 4405 766 4458 Ut
776 4405 917 4477 plerunque
929 4405 1031 4459 animus
1043 4405 1078 4459 eit
1090 4406 1147 4459 sine
1158 4422 1235 4458 earne
1247 4422 1315 4469 reus,

689 4490 757 4545 Cum
768 4492 836 4561 quod
848 4492 882 4545 ab
894 4494 992 4545 intaeta
1004 4493 1150 4545 submotum
1163 4497 1203 4545 est
1214 4508 1317 4565 corpore
1329 4489 1406 4555 solus,

723 4574 851 4643 Concipit,
863 4582 891 4626 et
902 4576 978 4627 tectis
989 4575 1100 4628 motibus
1111 4578 1180 4629 intua
1193 4575 1258 4641 agit.
