3759 5425
638 764 681 813 ns
697 769 862 815 muninus
878 767 1114 814 vruururrarrs.
1360 756 1402 813 65

346 939 417 1002 quo
431 919 611 984 nrdimeuta
633 922 706 985 vitae
728 922 814 986 illius
833 935 1023 987 caraxantur
1037 922 1100 985 ita:
1124 919 1337 986 scribendum
1352 931 1403 986 est

345 1020 446 1102 igitur
468 1022 510 1085 ad
533 1023 772 1087 Demetriadem
794 1025 961 1106 Virginem
977 1024 1109 1101 Christi,
1122 1024 1286 1106 Virginem
1307 1023 1400 1087 nobi-

346 1121 424 1198 lem,
439 1124 604 1206 Virginem
619 1124 761 1204 divitem,
775 1138 808 1191 et
822 1127 910 1212 quod
929 1126 984 1189 his
1000 1128 1102 1213 majus
1121 1139 1180 1204 est,
1195 1125 1307 1189 ardore
1325 1124 1400 1189 tidei

347 1225 563 1304 nobilitatam,
573 1225 768 1312 divitiasque
783 1230 971 1293 calcantem.
1008 1229 1053 1292 Et
1063 1228 1160 1290 infra:
1184 1229 1265 1300 Quae
1276 1249 1400 1291 summo

347 1324 421 1387 loco
444 1339 531 1404 nata,
552 1329 585 1390 in
609 1329 742 1391 summis
765 1329 892 1411 opibus,
913 1330 1112 1410 summisque
1135 1327 1253 1391 delitiis
1273 1327 1401 1404 nutrita,

348 1427 447 1489 tantis
461 1439 590 1512 tamque
605 1429 701 1492 variis
713 1430 787 1493 ritae
801 1430 899 1515 hujus
912 1430 1143 1494 blandimentis
1158 1430 1246 1492 velut
1264 1429 1400 1495 tenacis·

349 1529 441 1593 simis
464 1531 658 1613 quibusdam
674 1531 813 1596 vinculis
834 1533 952 1596 irretita
974 1533 1079 1596 subito
1100 1532 1249 1616 eruperit,
1268 1541 1400 1594 cuncta·

350 1651 416 1716 que
438 1632 533 1696 simul
554 1634 641 1697 bona
663 1635 806 1717 corporis
831 1635 929 1697 animi
956 1636 1069 1697 virtute
1096 1633 1242 1710 mutarit3
1274 1642 1401 1716 etpost

348 1755 474 1818 pauca:
498 1737 652 1800 Meminit
670 1738 768 1814 enim,
781 1737 898 1823 inquit,
912 1759 993 1822 quas
1013 1736 1126 1800 mundi
1148 1757 1238 1819 opes,
1251 1735 1400 1818 gloriam·

350 1855 414 1918 que
431 1838 599 1919 respuerit,
622 1859 702 1921 quas
724 1837 863 1923 denique
887 1837 1115 1922 contempserit
1137 1838 1208 1900 vitae
1230 1835 1399 1919 praesentis

349 1937 530 2012 illecebras,
554 1940 670 2024 quibus
692 1941 908 2024 voluptatibus
929 1938 1175 2018 renunciaverit,
1196 1959 1305 2002 rursus
1326 1947 1399 2002 anto

326 2101 333 2112 ,
350 2040 475 2103 calcem
498 2041 680 2118 voluminis,
695 2061 769 2104 cum
791 2041 933 2125 supremi
957 2041 1114 2106 examinis
1135 2041 1322 2123 exemplum
1337 2049 1399 2102 ter·

351 2161 520 2227 roremque
529 2142 717 2226 judicantis,
732 2144 788 2227 qui
803 2165 896 2229 aequa
912 2143 1117 2208 discretionis
1138 2142 1266 2206 bilance
1288 2141 1399 2224 singu·

348 2243 453 2306 lorum
481 2242 568 2307 sacta
591 2245 768 2322 trutinabit,
793 2246 954 2326 eleganter
983 2256 1168 2328 exponeret,
1190 2245 1237 2308 its
1265 2265 1400 2309 exorsus

349 2357 411 2408 est:
435 2344 566 2408 Recens
579 2346 700 2409 sactum
714 2355 774 2424 est,
789 2345 875 2431 quod
889 2347 961 2429 ipsa
976 2345 1093 2424 vidisti,
1109 2367 1182 2411 cum
1197 2344 1239 2410 ad
1258 2346 1399 2410 stridulae

349 2447 499 2512 buccine
515 2469 628 2511 sonum
644 2448 886 2532 Gothorumque
903 2450 1086 2529 clangorem
1102 2447 1231 2530 lugubri
1247 2469 1400 2531 oppressa

348 2549 463 2612 metuit
481 2549 613 2612 domina
634 2550 721 2613 orbis
739 2551 845 2613 Roma
865 2550 1065 2614 contremuit.
1110 2551 1156 2613 Et
1169 2550 1270 2613 infre:
1295 2550 1330 2613 Si
1344 2551 1400 2630 ita,

349 2651 465 2737 iuquit,
493 2653 643 2717 mortales
672 2653 821 2717 timemus
849 2654 958 2718 hostes
990 2662 1023 2716 et
1056 2653 1228 2717 humanam
1258 2673 1399 2728 manum,

350 2755 431 2839 quid
459 2756 615 2819 faciemus
645 2777 719 2819 cum
749 2756 879 2840 coeperit
908 2758 1040 2837 clangor
1073 2766 1106 2817 et
1138 2753 1289 2817 terribilis
1322 2755 1401 2818 tube

348 2858 493 2920 intonare
518 2856 559 2920 de
585 2859 669 2921 coelo
695 2869 728 2920 et
756 2858 797 2921 ad
826 2859 915 2921 illam
945 2855 1140 2938 Archangeli
1170 2875 1283 2919 vocem
1312 2855 1401 2918 omni

348 2959 490 3023 buccina
512 2960 677 3022 clariorem
698 2967 782 3021 totus
805 2960 899 3023 nmul
919 2958 1077 3039 remugiet
1096 2954 1245 3035 mundns,
1265 2966 1341 3021 tunc
1364 2967 1400 3022 tu

342 3060 504 3143 justorum
523 3061 631 3124 choris
651 3072 684 3125 et
702 3062 822 3125 sanctis
842 3062 994 3126 comitata
1016 3060 1212 3142 Virginibus,
1230 3059 1266 3123 in
1288 3062 1397 3144 spousi

348 3162 478 3224 obviam
493 3162 656 3235 subvolas,
672 3162 730 3226 &e

392 3264 430 3325 L.
454 3262 622 3326 Gloriosus
635 3262 746 3327 itidem
761 3266 927 3347 passiones
948 3264 1044 3329 trium
1063 3285 1283 3347 germanarum
1299 3264 1398 3329 Chio·

345 3366 407 3429 niae
422 3374 457 3428 et
470 3364 575 3429 Irenis
588 3375 685 3449 atque
703 3367 836 3449 Agapae,
851 3387 922 3450 quae
946 3367 1006 3430 sub
1027 3366 1238 3431 confessionis
1258 3366 1349 3429 titulo
1365 3372 1399 3428 et

347 3478 468 3531 sauctae
490 3465 692 3547 virginitatis
715 3468 877 3550 praeconio
899 3470 969 3550 pari
990 3467 1130 3551 tripudio
1152 3466 1398 3549 triumpharunt,

348 3569 477 3636 msticis
499 3572 611 3633 saltem
635 3568 825 3632 schedarum
843 3568 993 3651 apicibus
1012 3570 1246 3640 caraxabimus,
1264 3586 1397 3650 quarum

348 3671 553 3737 celebrandis
565 3671 745 3735 rumoribus
758 3671 854 3752 louge
869 3672 995 3755 lateque
1016 3670 1301 3744 crebrescentibus,
1317 3666 1397 3729 Dio·

348 3777 505 3839 cletianus
530 3795 570 3837 ee
595 3784 782 3856 tempestate
808 3773 943 3856 sceptris
967 3770 1186 3854 imperialibus
1214 3766 1397 3831 inioeliciter

349 3878 489 3954 functus,
503 3876 677 3960 praedictas
692 3874 813 3938 Christi
832 3873 1041 3958 pedissequas
1064 3869 1212 3934 accersiri
1234 3870 1399 3953 pracepit,

350 3981 468 4065 quibus
490 3978 518 4042 si
540 3999 561 4042 a
580 3976 772 4041 Christianae
795 3974 960 4057 religionis
978 3973 1104 4037 cultura
1123 3978 1351 4053 apostatarent,
1366 3981 1398 4035 et

350 4101 370 4143 a
396 4091 487 4146 recto
517 4080 595 4144 fidei
624 4080 748 4144 tramite
777 4078 1006 4149 exorbitantes,
1035 4073 1182 4139 nefande
1211 4073 1398 4157 gentilitatis

348 4182 567 4268 charybdibus
586 4182 834 4264 naufragrarent,
852 4178 1012 4261 palatinas
1035 4174 1205 4259 pollicetur
1226 4173 1343 4237 infulas
1366 4185 1399 4239 et

349 4286 505 4369 opulenta
518 4282 658 4367 spondet
670 4281 871 4365 patrimonia,
886 4279 911 4342 si
924 4278 1056 4342 mallent
1075 4274 1294 4340 matrimonia:
1317 4274 1398 4349 Quae

347 4408 421 4451 cum
442 4386 631 4471 opulentam
652 4380 766 4445 mundi
788 4378 920 4462 gloriam
942 4388 975 4440 et
995 4376 1207 4439 lenocinantis
1230 4376 1301 4438 vitea
1317 4398 1397 4460 prae·

347 4488 449 4553 sentis
474 4488 643 4552 illecebras
667 4504 733 4547 non
760 4482 891 4546 dissona
920 4480 1080 4543 sententia
1102 4488 1295 4555 recusarent,
1321 4479 1398 4544 ilico

346 4598 480 4673 urgente
494 4586 629 4654 nefandi
645 4583 832 4667 grassatoris
845 4582 979 4665 irnperio
999 4582 1128 4645 easdem
1146 4590 1266 4645 sancte
1281 4580 1398 4643 Eccle-

872 4704 890 4747 r
