3759 5425
643 747 686 792 oa
702 747 868 794 muniens
880 747 1118 794 vrucrurrsrrs.
1373 733 1413 790 79

401 898 555 982 Denique
570 899 722 982 praet'atua
733 900 928 964 Punicorum
939 901 1077 966 Praesul:
1099 900 1284 984 Virginitas,
1298 899 1417 981 inquit,

354 1000 476 1078 camis,
497 1022 618 1084 corpus
639 1001 806 1065 intactum.
850 1003 1026 1085 Virginitas
1052 1004 1177 1080 animae,
1202 1002 1283 1066 fides
1307 1001 1412 1063 incor-

353 1113 466 1187 rupta.
510 1105 596 1168 Item
611 1105 750 1190 Prosper
763 1107 886 1189 inquit:

572 1232 669 1286 (lamis
679 1233 827 1301 Virginitas
838 1234 937 1287 intacto
949 1251 1056 1306 corpore
1067 1233 1188 1298 habetur,
1304 1228 1310 1239 ’

609 1319 758 1387 Virginitas
769 1320 851 1372 animi
862 1325 903 1372 est
913 1321 1070 1374 intemerata
1080 1318 1160 1384 fides;

573 1408 634 1472 Qun
644 1408 701 1460 sine
712 1408 827 1478 corporei
838 1406 877 1460 nil
888 1407 993 1478 modest
1005 1424 1066 1460 cura
1078 1406 1192 1478 pudoris,

608 1491 662 1544 Sed
672 1494 768 1545 mentis
777 1494 862 1564 piatas
873 1499 954 1562 auget
965 1498 1102 1563 utrumque
1114 1494 1219 1546 bonum.

358 1623 467 1707 Igitur
489 1622 616 1705 digesto
638 1625 859 1708 pulcherrimae
884 1624 1086 1706 Virginitatis
1110 1626 1231 1704 libello,
1251 1627 1325 1690 licet
1347 1647 1411 1689 me-

358 1728 512 1792 diocriter
537 1729 674 1806 urbano,
703 1731 804 1811 stylus
826 1729 896 1814 jam
926 1726 1023 1792 finem
1053 1731 1184 1812 flagitat,
1210 1741 1242 1794 et
1271 1731 1417 1796 dictandi

359 1841 457 1895 tenor
474 1830 696 1894 terminandus
710 1841 777 1907 est3
800 1832 877 1915 quia
891 1831 1021 1895 illustris
1044 1833 1252 1896 concionator
1271 1834 1417 1914 Tempus,

359 1931 478 2015 iuquit,
505 1932 669 2015 loquendi,
698 1941 730 1995 et
759 1942 889 2015 tempas
916 1934 1058 1996 tacendi.
1110 1935 1185 1996 Non
1215 1933 1299 1996 enim
1330 1933 1417 1996 aliud

360 2033 534 2116 quodlibet
555 2033 783 2097 munusculum
804 2035 879 2117 plus
899 2045 1003 2097 ratum
1028 2044 1061 2097 et
1082 2045 1204 2116 gratum
1226 2034 1416 2116 Virginibus

359 2130 483 2195 Christi
497 2129 565 2194 fore
579 2130 787 2206 credideram,
799 2153 896 2216 quarn
911 2143 947 2196 ut
962 2133 1090 2217 pudicis
1104 2134 1269 2215 pudicitiae
1285 2135 1417 2218 praemia

360 2242 585 2316 promerentur
599 2241 633 2293 et
646 2231 777 2294 mundis
790 2232 957 2296 munditiae
972 2255 1103 2298 munera
1117 2235 1323 2300 mitterentur.

405 2332 496 2396 Luc
519 2332 636 2395 Fateor
657 2342 763 2396 autem
784 2334 932 2398 charitati
952 2346 1075 2410 restrae,
1090 2335 1178 2420 quod
1195 2337 1257 2400 hoc
1280 2358 1418 2421 opuscu-

360 2433 442 2507 lum,
471 2433 549 2496 licet
576 2440 705 2497 constet
734 2435 950 2500 minusculum
978 2438 1148 2520 pastoralis
1178 2459 1263 2500 curae
1294 2438 1418 2501 sarcina

362 2543 522 2617 gravatus,
535 2534 800 2618 negotiorumque
815 2545 1008 2600 terrenorum
1022 2537 1220 2619 ponderibus
1235 2557 1419 2620 oppressus,

361 2638 410 2702 ita
436 2636 622 2723 perniciter,
651 2644 689 2700 ut
712 2638 873 2719 satagistis
903 2638 1035 2718 dictare,
1062 2639 1218 2722 vobisque
1248 2639 1419 2720 destinare,

362 2741 584 2825 nequiveram,
613 2737 691 2821 quia
720 2760 841 2804 securae
874 2741 991 2825 quietis
1021 2740 1166 2823 spacium
1196 2748 1229 2803 et
1262 2761 1419 2806 morosam

364 2842 514 2907 dictandi
527 2841 803 2925 intercapedinem
818 2845 1007 2928 scrupulosa
1017 2840 1239 2907 Ecclesiastici
1256 2842 1421 2925 regiminis

364 2942 553 3008 sollicitudo
575 2943 766 3027 denegabat,
783 2954 815 3006 et
833 2945 1030 3009 tumultuans
1052 2943 1241 3008 secularium
1267 2946 1419 3029 strepitus

364 3045 568 3111 obtrrrbabat
601 3045 711 3109 Otium
726 3066 866 3127 namque
883 3046 1092 3110 clandestine
1108 3046 1227 3129 quietis
1242 3055 1274 3110 et
1290 3048 1418 3111 remotis

364 3160 495 3213 secrete
511 3147 692 3213 setimdinis
710 3148 833 3228 largam
849 3149 1011 3213 scribendi
1030 3149 1192 3213 materiam
1208 3148 1420 3229 dictantibus,

366 3250 489 3313 affatim
511 3247 688 3313 conterunt
734 3247 825 3311 Sicut
846 3270 864 3310 e
886 3250 1043 3312 contrario
1066 3250 1201 3313 verbosa
1223 3253 1418 3331 garrulorum

365 3351 548 3435 loquacitas
568 3361 602 3415 et
623 3350 739 3413 infesta
761 3350 962 3413 secularium
984 3351 1123 3433 negotia,
1137 3372 1211 3434 quae
1227 3354 1420 3437 contempti·

363 3452 485 3515 bilibus
499 3450 662 3515 Ecclesiae
676 3450 853 3534 Apostolus
868 3450 1086 3534 dispensanda
1100 3452 1258 3535 precipit,
1269 3454 1423 3516 violenter

365 3554 520 3617 auferunt
571 3555 648 3616 Non
683 3551 769 3616 enim
801 3564 836 3617 ut
869 3552 1028 3635 Origenes
1059 3555 1200 3637 inclytus
1235 3555 1421 3617 Graecorum

366 3654 563 3732 didascalus,
584 3652 642 3736 qui
667 3653 759 3717 tertio
781 3654 911 3716 ineunte
932 3654 1037 3719 aetatis
1054 3656 1153 3717 lustro
1176 3675 1287 3717 omnes
1305 3675 1421 3739 prope-

366 3755 498 3820 modum
515 3752 787 3836 Philosophorum
802 3753 1000 3837 disciplinas‚
1014 3755 1076 3819 hoc
1093 3766 1151 3828 est,
1166 3755 1422 3836 Arithmeticam,

369 3856 621 3930 Geometricam,
656 3856 827 3934 Musicam,
863 3857 1109 3934 Astronomiam,
1138 3856 1351 3939 Astrologiam
1390 3869 1422 3921 et

368 3959 597 4023 Machanicam
611 3957 645 4019 iu
659 3957 835 4039 pubertatis
848 3958 1010 4041 principio
1021 3958 1162 4042 perfecte
1180 3958 1422 4025 consummavit,

370 4059 513 4127 meandi
534 4070 682 4125 tenorem
701 4061 833 4123 notariis
848 4061 1087 4144 excipientibus
1109 4070 1142 4125 et
1163 4061 1349 4144 antiquariis
1364 4060 1421 4124 de-

367 4162 584 4227 scribentibus
597 4180 750 4245 usurpare
764 4162 1035 4246 praesumpsimus.
1081 4162 1145 4225 His
1160 4183 1234 4244 ergo
1258 4162 1298 4225 de
1318 4160 1422 4225 causis

367 4264 588 4348 Epistularum
612 4273 785 4327 restramm
809 4262 917 4327 debita
941 4264 1141 4341 vicissitudo,
1163 4264 1255 4347 quasi
1281 4261 1421 4347 quodam

369 4363 532 4431 dilationis
552 4366 737 4440 obstaculo,
749 4364 931 4428 tricabatur.
978 4366 1058 4437 Quae
1081 4384 1227 4427 meorum
1246 4364 1352 4428 foenus
1367 4385 1422 4425 vo-

369 4475 472 4529 torum
500 4464 662 4529 hactenus
687 4462 840 4527 iniectum
868 4464 1045 4545 arguebant
1071 4461 1256 4545 praesertim,
1280 4474 1315 4527 ut
1342 4462 1424 4539 dixi,

370 4564 567 4631 diversarum
575 4586 680 4629 rerum
688 4564 940 4629 distensionibus
948 4564 1039 4628 fessae
1052 4562 1169 4628 mentis
1174 4564 1329 4628 cervicem
1339 4561 1425 4646 gravi
