3759 5425
589 813 667 858 vrri
682 815 859 860 ,truamur
876 815 1009 859 vaarcro
1025 814 1185 859 aucroua.
1353 800 1415 859 85⁷

366 963 434 1027 Ald
448 966 545 1043 enirn,
560 976 595 1030 ut
616 968 705 1031 aiunt
726 969 902 1046 barbarice,
918 968 1033 1032 Latine
1053 988 1152 1031 senex
1176 968 1416 1051 iuterpretatur;

367 1064 445 1128 inde
459 1067 627 1132 Aldelmus
642 1070 734 1153 quasi
749 1092 850 1133 senex
865 1072 976 1134 almus.
1010 1074 1090 1134 Vere
1106 1070 1203 1147 enim,
1218 1068 1279 1133 etsi
1288 1068 1418 1152 juvenis

368 1186 514 1249 corpore,
529 1170 635 1231 animo
651 1170 743 1233 senili
759 1172 886 1234 vivebat
900 1184 932 1234 et
946 1172 1102 1235 laudabili
1117 1192 1222 1254 opere.

415 1271 493 1334 Post
506 1272 576 1334 baee
592 1274 684 1335 annis
702 1273 953 1337 succedentibus
967 1295 1047 1358 puer
1067 1275 1252 1350 ablactatur,
1268 1280 1301 1334 et
1323 1270 1421 1333 sacris

369 1372 531 1436 literamm
548 1373 663 1437 studiis
677 1397 697 1437 a
713 1375 854 1455 genitore
870 1375 1142 1447 Christianissimo
1160 1373 1303 1437 traditur.
1348 1373 1422 1443 Qua

372 1472 407 1534 iu
423 1496 457 1537 re
473 1475 648 1537 futurorum
670 1476 826 1558 praescius
840 1477 930 1540 Deus
944 1478 1031 1540 illius
1047 1487 1211 1559 tantopere
1234 1476 1358 1559 aperuit
1372 1474 1421 1537 in-

372 1577 513 1658 genium,
528 1588 564 1640 ut
584 1576 725 1640 doctoris
748 1577 873 1640 animus
896 1577 928 1639 iu
955 1579 1060 1661 seipso
1083 1600 1170 1660 saepc
1190 1578 1353 1639 miraretur
1372 1576 1421 1638 ni-

372 1678 483 1755 mium,
498 1677 587 1761 quod
602 1690 667 1741 tam
681 1678 774 1741 facile
791 1690 930 1757 caperet,
946 1687 1010 1741 tam
1027 1689 1119 1742 acute
1135 1678 1284 1741 retineret
1304 1698 1422 1741 memo-

372 1783 460 1860 riter,
475 1783 623 1866 quaesibi
640 1782 831 1845 ostendebat
849 1804 908 1865 per
929 1783 1074 1863 singulos
1092 1782 1169 1845 dies.
1215 1782 1312 1845 Mens
1334 1803 1422 1844 nam-

374 1907 439 1969 que
465 1884 545 1968 ejus,
571 1884 692 1947 calesti
718 1905 788 1946 rore
814 1885 954 1965 perlusa,
979 1884 1077 1969 hujus
1104 1884 1148 1946 roi
1176 1883 1277 1946 suerat
1305 1904 1421 1946 causa:

375 1986 498 2069 quippe
515 1986 615 2067 gratia
631 1985 696 2047 Dei
711 1996 777 2048 erat
792 2006 866 2048 cum
880 1986 949 2063 illo,
965 1986 1050 2048 illius
1063 1985 1197 2063 scilicet,
1210 1985 1265 2067 qui
1280 2005 1337 2068 per
1351 2004 1423 2067 pro-

374 2088 539 2172 pheticum
557 2085 640 2148 dixit
653 2086 826 2169 eloquium,
845 2086 914 2165 [Ps.
932 2091 985 2165 80,
1004 2086 1069 2166 lu]
1118 2087 1215 2171 Aperi
1235 2108 1272 2150 os
1286 2097 1377 2151 tuum
1393 2094 1426 2151 ct

375 2210 436 2271 ego
452 2188 635 2271 adimplebo
649 2186 731 2249 illud
743 2186 890 2269 dogmate
902 2210 983 2252 me0.
1029 2189 1138 2252 Trium
1152 2189 1272 2273 quippe
1285 2188 1426 2273 proprie-

376 2303 442 2355 tate
456 2292 651 2372 linguarum,
665 2310 731 2351 nou
747 2290 850 2351 solum
871 2291 1056 2371 vulgaritate
1078 2312 1191 2367 rerum,
1206 2310 1314 2352 verum
1330 2289 1426 2352 etiam

376 2393 539 2456 literarum
555 2390 712 2473 dogmate,
727 2389 949 2452 sanctissimus
964 2390 1024 2453 iste
1046 2391 1166 2473 peritus
1181 2389 1294 2451 extitit.
1340 2388 1426 2449 Miro

378 2494 521 2577 denique
535 2490 633 2555 modo
648 2492 758 2573 gratiae
773 2491 933 2554 sacundire
953 2491 1061 2553 omnia
1077 2490 1230 2552 idiomata
1245 2488 1379 2565 sciebat,
1395 2495 1428 2549 et

379 2596 472 2679 quasi
498 2595 634 2657 Graecus
659 2594 801 2671 natione,
831 2592 957 2674 scriptis
986 2604 1019 2655 et
1047 2591 1152 2654 verbis
1182 2590 1427 2673 pronunciabat.

378 2697 501 2761 Mirum
523 2718 662 2780 namque
683 2717 748 2758 non
771 2695 882 2772 luerat,
898 2694 973 2778 quia
995 2704 1027 2758 et
1049 2692 1150 2758 sancti
1173 2690 1310 2776 Spiritus
1330 2689 1431 2772 gratia

379 2798 442 2862 sibi
457 2798 491 2859 in
507 2820 545 2861 eo
560 2796 781 2859 habitaculum
804 2795 932 2871 fecerat,
947 2806 979 2857 et
999 2795 1086 2857 illius
1101 2794 1220 2875 linguae
1241 2793 1336 2854 biuos
1351 2790 1429 2855 doc·

379 2913 466 2965 tores
480 2900 624 2984 apprime
640 2899 758 2981 peritos
773 2896 1035 2981 praeclarissimus
1051 2898 1111 2959 Iua
1125 2897 1210 2972 Rex,
1223 2915 1320 2977 quem
1334 2913 1431 2975 supra

380 3004 558 3089 posuimus,
572 2999 614 3065 ad
637 3000 887 3064 confirmandam
908 2999 994 3062 illius
1016 3000 1171 3062 literalem
1193 2997 1370 3072 scientiam,
1390 2996 1431 3059 ab

382 3101 518 3164 Athenis
533 3098 744 3162 conduxerat.
791 3098 913 3161 Latinae
928 3119 1056 3182 quoque
1077 3097 1219 3162 scientiae
1235 3094 1326 3159 valde
1342 3109 1430 3177 pota·

381 3213 433 3265 tus
458 3200 579 3274 rivulis,
604 3199 700 3260 etiam
726 3198 919 3282 proprietate
945 3199 1081 3280 partium
1107 3198 1223 3281 aliquis
1252 3217 1289 3258 eo
1318 3196 1433 3259 melius

381 3323 588 3387 nequaqnam
604 3321 680 3362 usus
696 3311 745 3361 est
758 3308 832 3382 post
852 3296 1038 3379 Virgilium:
1062 3299 1107 3361 ita
1130 3298 1261 3360 enimin
1278 3297 1432 3380 Antiqua·

383 3407 440 3468 riis
460 3426 528 3467 suae
548 3403 670 3485 linguar
691 3401 814 3482 legitur.
859 3399 1090 3482 Prophetarum
1118 3399 1278 3481 exempla,
1299 3395 1435 3459 Davidis

385 3508 543 3582 Psalmos‚
562 3503 746 3567 Salomonis
768 3503 828 3564 tria
849 3501 1021 3574 volumina,
1039 3499 1209 3562 Hebraicis
1231 3497 1329 3559 literis
1351 3498 1434 3558 bene

385 3609 486 3681 novit,
510 3618 543 3670 et
564 3607 671 3685 legem
698 3605 886 3666 Mosaicam.
932 3601 1070 3664 Musicae
1098 3611 1202 3662 autern
1227 3598 1303 3660 artis
1328 3597 1436 3660 onmia

385 3712 693 3790 instrumentaque
717 3703 836 3767 fidibus
858 3705 908 3765 vel
924 3702 1041 3765 fistulis
1064 3711 1118 3764 aut
1133 3701 1204 3763 aliis
1228 3699 1435 3762 varietatibus

387 3811 536 3876 melodiae
553 3811 621 3873 fieri
637 3821 784 3892 possunt,
800 3818 832 3870 et
846 3806 1002 3868 memoria
1023 3805 1126 3868 tenuit
1141 3815 1172 3865 et
1191 3804 1224 3865 in
1249 3801 1436 3884 quotidiano

387 3938 447 3980 usu
462 3914 585 3977 habuit.
630 3912 676 3973 Et
690 3920 725 3973 ut
739 3908 852 3993 paucis
867 3909 968 3970 multa
981 3917 1013 3970 et
1025 3905 1155 3989 grandia
1167 3906 1270 3990 parvis
1282 3906 1437 3968 coustrin-

390 4039 511 4100 gamua,
525 4036 567 4077 ne
582 4035 621 4077 ea
635 4035 707 4096 quae
722 4011 859 4075 dicimus
878 4009 1021 4071 taediosis
1042 4009 1205 4084 vilescant,
1221 4019 1255 4070 ut
1277 4007 1323 4069 vir
1336 4007 1436 4070 unde-

388 4138 517 4202 cunque
532 4114 776 4188 eruditissimus,
792 4113 908 4194 plenus
924 4111 984 4173 suit
998 4109 1132 4172 scientia
1148 4109 1290 4171 omniurn
1308 4129 1422 4170 rerum.

433 4219 499 4283 Sed
515 4217 595 4300 quid
610 4236 770 4279 moramur
786 4214 819 4276 in
839 4211 966 4297 parvis?
1012 4211 1063 4274 Ad
1078 4211 1190 4275 altiora
1205 4213 1322 4294 stylum
1338 4221 1438 4272 verta·

391 4343 472 4399 mus,
482 4332 518 4385 ut
529 4318 693 4403 quomodo
704 4318 763 4381 iste
776 4327 905 4380 sanctus
913 4313 962 4377 vir
972 4336 991 4377 a
1002 4314 1136 4397 pueritia
1148 4313 1261 4394 deguit
1271 4311 1439 4375 ostendere

392 4425 571 4498 valeamus3
594 4432 627 4485 et
646 4421 783 4504 qualiter
801 4419 834 4480 in
858 4417 1037 4478 monastico
1058 4414 1170 4476 habitu
1192 4414 1273 4476 inter
1292 4413 1439 4476 homines

390 4523 623 4598 conversando,
638 4531 672 4585 et
686 4521 822 4585 Paulum
843 4539 915 4582 cum
937 4516 1077 4579 Antonio
1098 4515 1297 4578 eremitarum
1319 4516 1439 4598 primos

391 4624 549 4690 imitando
569 4623 694 4700 vixerit,
708 4643 766 4705 pro
785 4619 884 4683 nostri
905 4617 1058 4702 parvitate
1080 4616 1199 4699 ingenii
1221 4616 1437 4680 ostendamus.
