3759 5425
559 795 600 844 ar
616 797 793 844 nuooscmr
809 799 982 846 srosrosrs
997 795 1180 844 nnorcsrrs.
1358 785 1418 844 125

458 949 548 1021 Quos
562 951 685 1033 rigidus
701 952 771 1016 ferri
787 953 952 1034 neglectus
968 973 1078 1015 mucro
1094 951 1232 1034 reliquit,

459 1051 505 1114 Et
518 1051 612 1116 famis
626 1054 747 1137 exigua
761 1054 921 1139 perierunt
934 1055 1046 1116 lunera
1059 1053 1153 1136 stipe.

869 1347 928 1410 IX.

461 1503 526 1566 Hic
538 1525 666 1588 quoque
677 1518 902 1569 commemorat
908 1518 1078 1569 metrorum
1089 1526 1216 1569 comma
1224 1504 1418 1592 Philippum

460 1606 563 1677 Quem
578 1607 651 1688 pius
667 1608 788 1670 aethrali
805 1607 917 1670 ditavit
932 1607 1032 1688 gratia
1047 1607 1205 1684 Christus,

461 1707 602 1771 Barbara
617 1709 670 1792 qui
687 1708 797 1772 docuit
812 1706 966 1772 doctrinis
977 1710 1107 1791 agmina
1121 1708 1222 1773 sacris

460 1807 600 1873 Credere
615 1830 673 1893 per
689 1810 853 1892 Scythiam
869 1811 1046 1872 salvantem
1061 1812 1181 1874 saecula
1192 1810 1367 1889 Christum,

461 1909 525 1982 Qui
541 1909 662 1974 dudum
677 1921 757 1975 tetra
771 1912 941 1994 torpebant
955 1910 1114 1974 mortisia
1129 1912 1243 1973 umbra

463 2012 634 2074 Auctorem
650 2013 734 2076 lucis
748 2013 918 2076 tenebroso
934 2011 1031 2074 corde
1047 2021 1217 2092 negantes,

463 2113 569 2196 Atque
585 2125 736 2177 creaturae
751 2113 944 2177 famulantes
959 2112 1071 2175 ordine
1086 2133 1186 2176 verso.

466 2215 581 2278 Donec
596 2216 814 2298 Apostolioam
830 2215 1047 2279 exhauserunt
1062 2235 1135 2277 aure
1150 2215 1323 2299 loquelam,

465 2313 616 2396 Limpida
632 2315 776 2398 perpetui
792 2325 958 2378 cernentes
972 2313 1096 2376 lumina
1110 2312 1238 2377 Phoebi.

463 2416 584 2478 Omnes
595 2416 738 2478 certatim
755 2427 941 2498 merguntur
950 2414 1074 2496 gurgite
1089 2434 1180 2477 sacro

465 2512 637 2594 Flagitium
653 2511 781 2576 sceleris
795 2525 970 2596 purgantes
984 2512 1071 2575 sonte
1086 2513 1214 2576 lavacri.

466 2613 549 2678 Inde
564 2615 672 2677 Asiam
687 2627 836 2697 properat
850 2614 970 2677 sanctis
985 2625 1165 2676 convertere
1181 2616 1303 2697 byblis,

467 2715 561 2780 Idola
575 2739 646 2801 quse
661 2716 782 2780 dudum
799 2717 935 2799 decepta
951 2716 1061 2780 fraude
1075 2719 1212 2797 colebat,

467 2817 608 2882 Credula
622 2818 679 2881 sed
694 2819 788 2881 citius
802 2818 916 2902 pandit
930 2817 1107 2901 praecordia
1118 2820 1246 2885 Christo

468 2918 643 3004 Splendida
657 2919 808 3003 discipuli
823 2919 899 2983 dum
915 2919 1011 2983 fantis
1027 2922 1124 2984 verba
1138 2923 1277 3006 capessit

470 3020 525 3085 Sic
541 3021 619 3084 felix
634 3020 719 3084 Asiae
736 3022 892 3085 convertit
906 3021 1055 3103 dogmate
1070 3043 1213 3105 reguum,

471 3123 510 3184 ln
527 3142 591 3206 qua
605 3132 678 3203 post
692 3122 812 3185 obitum
828 3123 917 3186 fatali
931 3132 1014 3185 sorte
1030 3124 1177 3207 quiescit,

471 3222 573 3307 Cujus
588 3223 649 3286 hoc
666 3224 820 3306 templum
836 3234 959 3287 sacrata
973 3225 1113 3288 tuebitur
1127 3246 1188 3290 ara.

890 3530 930 3597 X.

474 3684 596 3750 Ultima
611 3694 761 3749 terrarum
776 3682 970 3766 prepollens
984 3682 1079 3745 India
1094 3692 1232 3761 constat,

474 3790 576 3861 Quam
593 3798 656 3850 tres
670 3787 703 3849 iu
719 3798 825 3869 partes
839 3784 992 3847 libromm
1007 3785 1126 3868 scripta
1140 3797 1349 3869 sequestrant,

474 3888 567 3953 Idola
582 3909 655 3971 qum
671 3886 771 3951 coluit
784 3885 917 3969 paganis
932 3883 1041 3947 dedita
1055 3885 1164 3948 sacris.

473 3990 537 4054 Sed
553 3989 799 4053 Bartholomeus
814 3986 973 4050 destruxit
985 3985 1091 4050 lurida
1104 3987 1188 4065 lana,

474 4091 609 4175 Effigies
624 4102 764 4154 vetemm
780 4088 983 4167 contiiugeus
991 4086 1064 4170 jure
1080 4087 1224 4167 deorum,

475 4192 607 4256 Hebrea
622 4212 718 4275 quem
735 4192 851 4253 clamat
861 4188 1036 4273 peregrinis
1049 4188 1161 4270 lingua
1174 4190 1322 4274 loquelis.

476 4294 589 4358 Proles
604 4292 830 4377 suspendentis
844 4312 945 4374 aquas
959 4290 994 4353 in
1009 4289 1152 4353 nubibus
1167 4293 1254 4369 atris,

478 4398 625 4462 Humida
639 4394 795 4461 nimbosis
810 4393 886 4457 dum
902 4392 1022 4457 stillant
1036 4392 1155 4457 aethera
1169 4395 1279 4476 guttis,

479 4502 568 4574 Quot
582 4500 685 4581 signat
698 4515 868 4579 procemm
883 4493 1020 4557 oaelestis
1036 4492 1124 4557 dona
1137 4497 1299 4579 profundi,

480 4602 527 4664 Ut
542 4599 702 4685 quondam
719 4596 839 4662 cecinit
853 4596 1048 4680 psalmomm
1062 4598 1203 4661 carmine
1215 4609 1320 4665 rates:
