3759 5425
648 743 1141 806 aruroussnsomoruu,urc.
1358 734 1423 793 3⁶29

371 900 478 963 lorum
494 898 739 985 imperatoribus
752 898 978 981 promulgabat
998 899 1204 976 sententiam3
1225 900 1372 982 posteris,
1389 914 1425 965 ut

371 1021 455 1079 reor,
484 1002 671 1084 exemplum
700 997 865 1063 industriae
902 998 1140 1085 derelinquens.
1184 1000 1270 1083 Ego,
1306 1002 1422 1087 inquit,

372 1102 579 1168 'I'heodosius
600 1103 700 1168 totius
713 1102 800 1165 orbis
818 1102 990 1186 imperator
1008 1103 1091 1167 inter
1113 1124 1205 1167 curas
1227 1104 1339 1188 palatii
1359 1106 1422 1171 hoc

372 1207 525 1270 volumen
548 1206 678 1292 propria
690 1226 789 1269 manu
804 1203 974 1289 descripsi,
989 1207 1050 1270 &c
1095 1206 1269 1290 Propterea
1283 1208 1421 1273 caelestis

371 1309 461 1373 tubae
482 1310 615 1393 clangor
635 1320 668 1371 et
688 1328 834 1391 supernae
856 1307 991 1392 sulpicis
1011 1308 1147 1373 classica
1168 1320 1423 1392 concrepuerunt

372 1413 527 1479 dicentis:
551 1415 627 1478 Non
641 1412 769 1478 recedat
782 1413 866 1477 liber
879 1414 959 1497 legis
969 1413 1010 1479 de
1021 1436 1075 1478 ore
1092 1426 1159 1494 tuo,
1171 1426 1203 1479 et
1216 1414 1421 1479 meditaberis

370 1516 406 1580 in
436 1536 476 1580 ea
500 1514 553 1579 die
578 1536 616 1579 ac
641 1526 747 1577 nocte.
793 1510 922 1577 Idcirco
945 1513 978 1575 in
1001 1513 1148 1577 omnibus
1178 1513 1328 1599 operibus
1357 1514 1421 1578 tuis

370 1615 546 1683 memorare
574 1615 747 1680 novissima
774 1624 840 1692 tua,
862 1625 894 1677 et
916 1614 950 1676 in
981 1626 1134 1679 ostentum
1163 1634 1228 1677 non
1258 1616 1419 1698 peccabis.

371 1721 455 1793 Quae
470 1727 520 1783 est
532 1718 618 1781 enim
632 1715 770 1780 labentis
779 1714 890 1779 mundi
904 1715 1110 1800 prosperitas,
1122 1728 1176 1779 aut
1190 1716 1331 1780 fallentis
1346 1716 1419 1780 vitre

370 1820 530 1886 felicitas?
581 1821 699 1883 Nonne
729 1818 892 1883 simillima
913 1818 1086 1883 collatione
1108 1831 1144 1883 ut
1165 1818 1325 1882 somnium
1346 1842 1418 1884 eva-

369 1922 489 2002 nescit,
507 1933 544 1987 ut
567 1922 672 1985 firmus
692 1921 826 1998 fatescit,
845 1930 883 1984 ut
903 1940 1018 2004 spuma
1039 1918 1229 1986 marcescit?
1275 1920 1417 1997 Divitiae,

369 2025 476 2110 inquit
499 2022 767 2109 psalmigraphus,
788 2022 816 2087 si
844 2021 1013 2099 adfuerint,
1035 2023 1135 2087 nolite
1161 2044 1216 2087 cor
1244 2044 1417 2107 apponere.
1484 2046 1487 2053 ·

370 2128 504 2191 Utinam
518 2125 613 2189 nobis
634 2124 843 2206 praesentium
857 2144 960 2187 rerum
977 2125 1139 2207 possessio
1161 2146 1227 2188 non
1243 2125 1284 2188 sit
1296 2125 1417 2190 futuro-

368 2250 440 2293 rum
465 2224 690 2293 remuneratio!
725 2227 920 2291 caducarum
949 2228 1053 2311 copia,
1077 2238 1257 2291 secutarum
1285 2229 1418 2293 nonsit

368 2328 497 2414 inopia!
543 2328 675 2393 Utinam
686 2327 900 2392 lenocinantis
911 2326 1022 2391 mundi
1038 2328 1282 2405 obiectamenta,
1291 2340 1417 2393 aeternae

367 2431 578 2497 beatitudinis
590 2450 656 2493 non
676 2429 811 2512 gignant
832 2425 1038 2492 detrimenta!
1084 2428 1169 2501 Quin
1193 2428 1300 2511 potius
1315 2441 1411 2495 trans·

368 2546 442 2599 acto
455 2533 576 2614 singilis
590 2532 663 2594 vite
677 2531 843 2594 intervallo
866 2528 1052 2603 succedant,
1068 2529 1260 2610 suffragante
1276 2529 1416 2609 Christo,

367 2646 524 2724 perpetua
537 2633 667 2719 praemia
676 2629 872 2696 meritorum!
904 2627 1000 2703 Quod
1010 2630 1080 2714 ipse
1095 2638 1244 2714 praestare
1259 2628 1417 2713 dignetur,

368 2740 426 2826 qui
447 2759 506 2823 pro
535 2736 630 2801 nobis
654 2735 688 2798 in
709 2734 854 2818 patibulo
884 2731 1050 2817 pependit,
1073 2753 1145 2796 cum
1173 2742 1292 2796 aeterno
1321 2734 1416 2800 Patro

367 2843 481 2904 vivens
495 2859 533 2902 ac
547 2859 684 2918 regnans
702 2857 776 2900 curn
792 2836 913 2920 Spiritu
935 2835 1054 2900 Sancto
1069 2856 1128 2920 per
1148 2833 1274 2898 infinita
1291 2857 1417 2921 semper

370 2943 491 3010 saecula
504 2940 704 3005 seculorum.
750 2936 870 3002 Amen!
