3759 5425
443 632 508 691 m
717 644 1210 705 ansroaaanacracrurr,rrc.

446 798 563 862 farinae.
609 800 663 863 Sic
695 812 727 864 et
751 800 939 878 masculina,
965 812 1002 862 ut
1029 799 1175 880 benigni,
1199 797 1344 879 maligni,
1369 797 1502 879 saligni.

446 899 616 979 virgilius:
873 987 880 1001 .
1615 871 1621 1180 Ι

443 1164 568 1249 papyri,
596 1165 745 1250 phaselli,
764 1167 890 1245 lacerti,
912 1166 1050 1242 cruenti,
1076 1166 1182 1243 suelli,
1204 1164 1332 1242 miselli,
1361 1166 1501 1241 tribuni,

443 1267 559 1347 gulosi,
572 1267 693 1350 pusilli,
709 1269 835 1353 pupilli,
852 1267 1092 1352 lupini,mariti,
1102 1266 1200 1344 silari,
1209 1266 1355 1352 juvenci,
1366 1268 1501 1342 caballi,
1619 1215 1621 1306 l

445 1368 573 1431 coculli.
617 1367 672 1431 Sic
688 1378 720 1433 et
734 1380 858 1448 neutra,
873 1382 910 1433 ut
924 1369 1049 1445 theatri,
1064 1368 1215 1449 sepulcri,
1230 1367 1361 1448 flagelli,
1375 1368 1502 1445 labelli,

444 1466 548 1549 tigilli,
569 1467 681 1543 fritilli,
704 1470 825 1549 sacelli,
848 1470 987 1533 macelli.
1033 1469 1116 1531 Hoec
1138 1468 1173 1531 in
1199 1468 1341 1549 genitivo
1363 1467 1498 1551 quidem

444 1570 595 1651 ungulari
605 1568 769 1652 praedictis
778 1570 991 1655 respondent:
1014 1568 1072 1634 sed
1081 1569 1292 1644 nominativo,
1300 1570 1499 1647 accusativo,

445 1672 590 1735 vocativo
612 1672 726 1755 plurali
750 1670 947 1757 discrepant,
962 1672 1038 1757 quia
1053 1671 1088 1734 in
1107 1670 1160 1734 his
1176 1671 1306 1734 casibus
1325 1668 1432 1735 denuo
1454 1669 1499 1735 ad

444 1774 706 1858 amphibrachym
722 1772 823 1837 redire
837 1785 1022 1838 noscuntur.

488 1876 530 1939 D.
554 1874 718 1939 Bacchius
739 1875 825 1939 unde
846 1877 1029 1961 appellatus
1043 1883 1093 1938 est
1105 1870 1211 1936 l—M.
1234 1874 1262 1935 A
1278 1872 1423 1950 Baccho,
1438 1873 1496 1957 qui

444 1986 477 2041 ct
498 1976 679 2058 Dionysius
699 1978 883 2055 vocabatur,
905 1976 976 2059 ipsc
999 1986 1033 2040 et
1054 1974 1152 2038 Liber
1172 1984 1274 2057 pater,
1293 1972 1381 2037 unde
1404 1994 1498 2037 sacra

443 2098 516 2162 quae
537 2076 655 2141 Libero
673 2098 694 2141 a
715 2078 959 2143 Bacchantibus
979 2078 1163 2154 litabantur,
1179 2074 1340 2139 Liberalia
1359 2085 1392 2138 et
1410 2075 1495 2139 Bac·

443 2178 592 2244 chanalia
612 2200 672 2242 nec
695 2200 763 2243 non
786 2189 819 2243 et
840 2180 939 2261 Orgia
960 2177 1141 2261 nuncupari
1160 2187 1300 2240 veterum
1321 2175 1495 2261 antiquitas
1619 2215 1620 2236 r

443 2303 524 2347 rerer
539 2281 702 2363 religionis
717 2302 835 2365 expers
850 2282 1043 2347 decreverat.
1088 2282 1140 2343 De
1155 2280 1275 2363 quibua
1289 2279 1459 2361 Virgilius:

723 2378 807 2449 quale
818 2378 934 2453 (iuquit)
947 2381 1081 2433 commotis
1093 2380 1181 2433 excita
1192 2378 1272 2431 maris

582 2466 693 2531 lhuias,
704 2466 749 2519 ubi
760 2464 849 2519 audito
861 2466 997 2520 stimulant
1008 2466 1139 2517 trieterica
1150 2462 1256 2517 Baccho

583 2550 675 2618 Orgia.

442 2639 534 2703 Idem
549 2638 631 2701 libro
649 2639 704 2701 Vl.

583 2735 636 2790 llla
646 2737 750 2792 chorum
763 2737 887 2792 simulans
899 2737 1028 2791 Eranthis
1039 2735 1135 2804 Orgia;

443 2847 516 2913 quae
532 2827 647 2892 Graece
662 2827 858 2911 Nychthelia
877 2836 1041 2902 vocantur,
1055 2824 1090 2887 id
1113 2835 1163 2887 cst
1182 2836 1347 2888 nocturna
1396 2822 1492 2890 Unda

441 2928 596 3010 Vlrglhus
608 2974 616 2990 ⁶
652 3016 842 3080 nocturnasque
853 3014 929 3063 vocat
940 3007 1052 3062 clamem
1065 3005 1208 3062 Citheron.

441 3114 642 3198 Nycticorax
670 3123 847 3178 nocturnus
877 3133 993 3179 corsus
1017 3112 1145 3176 dicitur.
1189 3113 1257 3177 Hic
1280 3134 1357 3195 ergo
1379 3133 1438 3198 pes
1457 3113 1493 3175 in

443 3217 591 3302 sescupla
603 3215 759 3283 divisione
774 3230 834 3284 est.

808 3320 861 3384 De
876 3319 1130 3383 Polimbocclrio.

486 3421 529 3488 D.
552 3423 603 3488 Ob
620 3444 715 3509 quem
729 3444 795 3486 rem
812 3421 1036 3486 antibacchius
1051 3422 1101 3485 vel
1116 3421 1374 3504 palimbacchius
1388 3422 1495 3488 dictus

442 3537 492 3592 est
501 3523 606 3590 t-M.
628 3522 862 3588 antibacchius
877 3523 1056 3587 contrarius
1071 3524 1227 3601 Bacchio,
1242 3525 1326 3589 sicut
1339 3523 1497 3589 antitheta

442 3629 666 3714 contraposita,
688 3638 722 3692 ct
743 3627 985 3693 Anti-Christus
1007 3627 1185 3691 contrarius
1207 3626 1356 3691 Christo:
1379 3627 1494 3712 palim-

441 3731 598 3796 bacchius
616 3749 689 3794 vero
712 3729 825 3794 iterum
847 3729 1012 3794 Bacchius
1032 3729 1206 3814 reciprocis
1226 3729 1351 3794 vicibus
1370 3730 1495 3812 syllaba

441 3833 609 3897 immutata
622 3831 728 3896 vocari
742 3830 952 3911 dignoscitur.

485 3932 528 3996 D.
552 3932 606 3997 Da
619 3932 771 4015 exempla
786 3952 806 3996 a
819 3932 1005 3996 nominibus
1020 3931 1183 3996 venientia
1203 3941 1236 3996 et
1255 3930 1494 4015 palimbacchio

442 4035 757 4122 competentia—M.
782 4035 916 4113 Natura,
931 4034 1069 4114 fortuna,
1082 4055 1243 4119 pressura,
1258 4044 1400 4112 tonsura,
1419 4035 1494 4098 bas·

442 4138 557 4218 canda,
571 4139 705 4216 Aurora,
719 4146 775 4203 nt:

583 4244 686 4300 Aurora
697 4246 724 4298 in
736 4245 818 4300 roseis
830 4243 949 4312 fulgebat
958 4244 1032 4298 lutea
1041 4244 1121 4312 bigis.

443 4345 593 4429 Captma,
603 4345 728 4424 loetura,
736 4357 869 4424 matura,
879 4365 1000 4424 rasura,
1010 4345 1167 4424 strictura,
1176 4347 1336 4423 basterna,
1345 4366 1495 4430 persona,

442 4447 558 4526 fixura,
573 4446 709 4530 pictura,
724 4447 857 4522 lactura,
873 4445 1040 4529 scriptura,
1048 4465 1195 4522 censura,
1212 4465 1343 4524 casura,
1358 4446 1495 4528 sartago,
