3759 5425
679 703 722 772 n'e
736 726 903 776 reomaus
917 729 1098 782 urserunrr.

463 875 557 959 Saepe
571 875 733 942 salutifero
748 883 890 947 correxit
903 882 1053 967 dogmate
1066 903 1179 969 pagos,

464 973 513 1041 Ut
525 977 606 1041 ritus
619 979 740 1044 vellent
753 984 857 1066 magis
871 984 1033 1068 extirpare
1047 985 1214 1065 nefandos,

459 1080 565 1163 Atque
580 1090 756 1145 creatorem
770 1095 957 1165 regnantem
974 1085 1103 1150 credere
1120 1085 1293 1150 Christum.

461 1181 548 1244 Nam
563 1201 760 1265 psgsnorum
777 1183 936 1250 destruxit
949 1187 1023 1252 fans
1037 1188 1181 1272 profana,

459 1283 536 1345 Jnre
551 1293 757 1364 tyrannorum
772 1296 917 1350 sternens
931 1285 1067 1351 delubra
1080 1307 1221 1351 reorum:

459 1383 506 1446 Et
519 1404 596 1447 mor
610 1383 737 1469 antiqui
752 1387 915 1452 confracta
929 1387 1039 1452 fraude
1055 1389 1163 1452 facelli

462 1483 611 1549 Fabricet
624 1481 796 1551 altithrono
812 1489 1013 1554 venerandus
1028 1491 1147 1572 templs
1161 1485 1321 1552 sacerdos.

462 1586 514 1650 Sic
530 1608 660 1672 quoque
672 1589 827 1654 famosam
841 1591 1002 1656 frondenti
1017 1591 1124 1676 stipite
1139 1589 1264 1674 pinum,

460 1686 532 1758 Qua
546 1708 696 1771 proceres
711 1689 819 1754 stolidi
833 1702 910 1755 tunc
925 1690 1087 1755 turificare
1103 1691 1261 1766 solebant,

461 1788 538 1853 Heu
551 1791 670 1869 scelus,
683 1791 717 1856 in
732 1793 870 1857 verubus
884 1804 1039 1858 torrentes
1053 1802 1128 1857 exta
1141 1791 1321 1866 bidentum,

461 1890 578 1972 Dirrrit,
591 1905 629 1957 ut
642 1895 799 1978 populum
812 1916 879 1960 non
894 1897 984 1961 fallat
998 1896 1140 1960 cultibus
1154 1914 1248 1959 error.

461 1990 597 2075 Surgere
611 2003 660 2057 ter
672 1994 750 2060 fecit
763 1994 915 2060 defrmcta
931 1995 1088 2060 cadavera
1101 1993 1202 2071 letho,

459 2091 588 2158 Tetrico
601 2096 748 2160 terrentis
763 2095 966 2181 disrumpens
980 2107 1097 2160 tamara
1112 2097 1240 2161 mortis:

461 2193 531 2258 Nec
547 2215 612 2258 non
629 2195 756 2277 egrotis
768 2195 961 2279 impendens
976 2197 1086 2260 munia
1099 2197 1182 2259 vitre.

459 2294 580 2360 Lurida
594 2294 747 2361 debilium
761 2297 916 2361 fomentat
926 2298 1069 2360 membra
1083 2297 1230 2360 virorum.

460 2398 647 2471 Quamlibet
659 2413 813 2484 expertus
827 2422 894 2464 non
909 2416 994 2465 esset
1008 2403 1137 2464 vulnera
1152 2401 1223 2464 ferri

461 2501 626 2585 Unquam,
636 2522 697 2565 nec
713 2502 809 2566 rubro
823 2513 943 2566 roraret
957 2503 1113 2584 sanguine
1128 2513 1255 2584 martyr,

459 2604 524 2666 Ant
536 2603 635 2667 etiam
646 2603 723 2666 diris
738 2605 869 2668 arsisset
882 2604 1020 2667 torribus
1034 2603 1138 2684 ignis:

459 2709 609 2771 Attamen
623 2707 777 2772 illustrem
793 2708 907 2771 meruit
921 2705 1083 2771 confessio
1098 2707 1258 2790 palmum:

462 2808 549 2872 Dum
564 2830 657 2873 mens
671 2822 761 2893 parta
774 2809 835 2874 fuit
849 2810 960 2873 mortis
975 2808 1161 2873 discrimina
1177 2808 1265 2871 ferre.

462 2912 527 2974 Hic
542 2912 660 2993 presul
669 2910 790 2995 jugiter
803 2911 977 2996 permansit
993 2911 1078 2993 virgo
1093 2910 1243 2993 perennis

462 3013 575 3077 Donec
590 3011 751 3076 setherium
768 3014 860 3076 miles
872 3013 1020 3094 migraret
1034 3013 1068 3075 in
1084 3013 1201 3085 aulam,

461 3114 622 3195 Angelicis
636 3125 748 3178 vectus
763 3114 837 3177 coeli
852 3113 894 3177 ad
910 3134 1058 3178 convexa
1073 3114 1218 3178 catervis.

502 3215 717 3301 Temporibus
731 3214 847 3300 priscis
861 3213 1059 3279 venerandos
1075 3216 1202 3279 Graeciu
1218 3228 1325 3300 patres

459 3318 583 3397 Edidit,
597 3340 639 3383 ex
656 3340 791 3402 quorum
806 3340 940 3382 numero
956 3319 1180 3383 celeberrimus
1194 3326 1285 3381 extat

460 3420 634 3502 Gregorius
647 3421 739 3499 felix,
753 3421 838 3484 fama
852 3441 948 3505 super
963 3421 1081 3484 retbere
1095 3432 1189 3483 notus

460 3520 564 3591 Quem
579 3522 671 3585 Deus
686 3520 816 3587 edocuit
830 3522 986 3585 mundum
1001 3541 1125 3584 serrare
1140 3517 1292 3603 pudorem

459 3622 623 3707 Corporis,
638 3634 672 3688 et
685 3636 782 3688 castre
798 3623 993 3709 conjungere
1009 3622 1130 3687 foedera
1144 3620 1271 3685 mentis.

459 3724 618 3807 Tempore
633 3745 710 3787 narn
725 3723 864 3808 quodam
881 3724 1025 3805 geminas
1040 3742 1098 3805 per
1113 3720 1236 3784 somnia
1250 3740 1386 3785 cernens

460 3824 612 3908 virgineo
627 3826 709 3889 vidit
722 3827 882 3907 fulgentes
893 3827 972 3889 flore
983 3825 1117 3909 puellus,

460 3926 549 3998 Quas
562 3927 617 3991 ille
633 3926 795 4010 aspiciens
810 3926 908 3990 torvis
923 3925 1088 3987 obtutibus
1103 3924 1219 3999 horret,

460 4029 635 4093 Femineos
650 4028 803 4113 quonism
818 4049 884 4091 non
900 4026 997 4109 gestit
1011 4046 1142 4089 cernere
1159 4024 1274 4087 vultus.

458 4130 543 4193 Tum
558 4140 702 4194 sanctum
718 4129 855 4214 placidis
871 4127 1068 4211 compellant
1083 4125 1216 4188 vocibus
1230 4125 1348 4187 ambae:

459 4234 510 4295 Ne
525 4231 665 4315 graviter
673 4230 805 4316 juvenis
819 4231 952 4295 devotas
967 4248 1079 4313 sperne
1095 4226 1232 4312 puellas,

460 4335 597 4418 Neuque
613 4332 798 4416 indignatus
813 4334 935 4395 vultum
951 4341 1121 4393 contemne
1137 4346 1291 4405 sororum,

458 4434 546 4498 Dum
561 4433 619 4497 tibi
635 4443 791 4516 perpetuo
806 4431 910 4496 fratris
926 4429 1116 4513 copulamur
1131 4446 1247 4491 amore.

461 4536 546 4600 Nam
561 4533 658 4598 nobis
672 4532 829 4597 mundum
844 4530 983 4595 tribuisti
999 4530 1030 4591 in
1048 4526 1143 4592 corde
1159 4528 1324 4605 sacellum,
