3759 5425
451 708 514 765 eta
730 718 888 765 rrrsrons
903 720 948 763 an
963 717 1142 777 acracmu,
1158 719 1229 764 arc.

506 872 562 951 [D.
597 871 803 935 Enumeratis
840 892 914 953 ergo
952 872 1049 935 xxxii
1092 873 1292 937 schematum
1330 870 1512 947 ordinibus,

454 993 646 1058 magnopere
672 971 820 1055 efflagito,
847 985 882 1035 ut
905 974 1074 1037 enucleato
1104 975 1326 1056 exemplorum
1351 974 1432 1036 serie
1458 994 1509 1036 re·

453 1074 602 1157 gulariter
622 1074 780 1138 edisseras
801 1083 881 1159 quot
901 1075 1027 1157 species
1046 1075 1081 1138 in
1104 1074 1299 1139 carminibus
1314 1073 1443 1156 Virgilii
1457 1075 1511 1136 rel

454 1175 578 1240 Lucani
608 1197 665 1239 seu
694 1174 796 1239 Persii
826 1175 936 1239 Flacci
966 1186 1022 1239 aut
1044 1176 1187 1239 Terentii
1210 1176 1277 1238 Afri
1307 1173 1510 1259 deprehendi

455 1280 676 1365 queant-M.
703 1279 759 1341 Ex
787 1278 979 1362 supradictis
1008 1279 1179 1361 speciebus
1207 1279 1315 1357 xxxii,
1344 1300 1409 1341 non
1439 1300 1508 1341 am·

454 1382 541 1466 plius
557 1401 652 1464 quam
668 1379 779 1443 decem
796 1389 828 1442 et
848 1391 971 1462 septem
987 1380 1019 1442 iu
1036 1379 1241 1463 poematibus
1261 1387 1510 1443 memoratorum

454 1482 645 1563 investigare
663 1478 759 1556 valui,
774 1488 913 1561 excepto
928 1478 1091 1555 Terentio,
1106 1478 1162 1563 qui
1178 1499 1252 1541 curn
1268 1476 1508 1542 Comoediarum

454 1584 627 1659 volumina,
643 1578 861 1645 Menandrum
878 1591 1019 1658 secutus,
1028 1602 1095 1644 non
1109 1581 1249 1644 heroicis
1262 1582 1405 1644 versibus
1420 1602 1507 1644 com·

454 1696 596 1770 poneret,
610 1704 717 1747 earum
732 1684 884 1766 prologus
899 1703 973 1746 cum
989 1680 1031 1746 ab
1053 1684 1179 1747 aemulis
1193 1682 1289 1746 dente
1303 1684 1421 1746 canino
1436 1704 1506 1746 car·

454 1796 591 1870 peretur,
619 1786 653 1847 in
690 1784 908 1847 defensionem
945 1784 996 1848 sui
1032 1784 1120 1847 velut
1156 1783 1384 1866 Apologeticus
1421 1784 1506 1847 senis

455 1888 599 1952 dabatur.

497 1988 542 2053 D.
564 1988 706 2052 Easdem
722 1986 833 2051 decem
850 1997 882 2051 et
897 1998 1019 2069 septem
1035 1986 1161 2069 species
1176 1986 1294 2049 certius
1309 2005 1503 2067 cognoscere

455 2088 755 2173 concupisco—M.
778 2088 817 2150 ln
833 2108 924 2151 versu
942 2085 1096 2151 tredecim
1112 2086 1308 2169 syllabarum
1325 2085 1391 2148 duo
1414 2085 1503 2149 sche-

452 2200 538 2253 mata
560 2187 844 2273 deprehenduntur
865 2209 885 2251 a
905 2187 1041 2268 Virgilio
1063 2186 1246 2270 adsumpta,
1268 2186 1332 2250 boc
1363 2187 1503 2251 secundo

453 2293 526 2357 loco
548 2302 580 2356 et
605 2293 719 2375 quinto
742 2311 815 2354 nam
839 2288 984 2353 secundo
1009 2288 1091 2352 duos
1113 2298 1237 2352 tantum
1261 2288 1406 2372 dactylos
1433 2309 1504 2371 rep·

454 2395 631 2479 periuntur,
646 2404 699 2456 ut:

595 2500 651 2553 Aut
661 2498 734 2552 leves
745 2515 834 2551 ocreas
845 2497 917 2551 lento
929 2497 1026 2549 ducunt
1036 2503 1156 2564 argento.

455 2609 509 2663 aut
525 2598 648 2683 quinto,
663 2608 714 2659 ut:

596 2705 630 2759 Se
642 2705 692 2759 duo
704 2702 794 2758 selecti
804 2701 873 2756 serro
885 2703 929 2771 qui
942 2700 1060 2754 scindere
1071 2699 1177 2756 vallum.

455 2817 486 2869 et
500 2805 598 2869 infra:

597 2910 724 2962 Ductores
736 2907 869 2962 Teucrum
880 2906 957 2978 primi
969 2903 1064 2958 dilecta
1072 2907 1206 2977 juventus.

497 3009 539 3071 D.
563 3009 619 3070 Ex
641 3026 734 3070 versu
757 3004 817 3068 xiii
848 3004 1042 3086 syllabarum
1073 3015 1153 3086 quot
1181 3003 1314 3086 species
1327 3002 1505 3088 adsumptae

454 3107 638 3174 suntl-M.
660 3106 792 3189 Septem
807 3115 948 3181 tantum;
972 3113 1027 3166 aut
1040 3103 1124 3165 enim
1140 3103 1242 3187 primo
1257 3115 1289 3165 et
1303 3105 1416 3186 quinto
1430 3107 1505 3168 loco

453 3213 601 3295 dactylus
614 3207 772 3283 inseritur,
788 3219 839 3272 ut:

595 3315 678 3372 Filius
690 3316 750 3369 buic
762 3321 858 3379 contra,
869 3316 913 3384 qui
925 3321 1030 3384 torquet
1042 3316 1128 3368 sidera
1139 3313 1237 3367 mundi.

454 3428 509 3481 aut
524 3413 667 3481 secundo
683 3424 716 3479 et
731 3411 855 3497 quinto,
873 3423 925 3476 ut:

595 3521 632 3575 Et
643 3539 696 3575 nor
709 3525 766 3574 alra
778 3518 865 3592 polum
877 3518 948 3586 bigis
960 3519 1084 3572 subvecta
1095 3519 1211 3572 tenebat

454 3631 509 3688 aut
523 3631 634 3706 quarto
650 3626 684 3682 et
697 3616 822 3700 quinto,
836 3625 888 3679 ut:

595 3723 714 3780 Stridens
725 3724 834 3796 trajecto
845 3721 948 3774 baesitae
959 3720 1091 3792 patefacta
1101 3722 1214 3773 cerebro.

497 3827 539 3889 D.
569 3823 625 3886 Ex
647 3841 740 3884 versu
762 3816 947 3903 quindecim
969 3819 1164 3901 syllabarum
1187 3825 1268 3901 quot
1288 3814 1506 3880 schematibus

451 3927 641 4010 fungebatur
657 3922 762 3985 l-M.
804 3918 959 3992 Quamvis
996 3915 1222 4003 hujuscemodi
1258 3937 1369 3981 versus
1406 3916 1502 3982 deca·

453 4030 604 4094 schemus
633 4024 799 4100 vocitetur,
829 4039 922 4083 senas
959 4029 1067 4083 tamen
1104 4041 1147 4084 ex
1184 4016 1297 4082 eodem
1333 4018 1505 4102 assumpsit

454 4129 599 4216 species3
620 4147 696 4192 nam
717 4133 773 4188 aut
795 4122 898 4207 primo
919 4132 953 4183 et
972 4120 1115 4185 secundo
1135 4123 1209 4185 loco
1228 4120 1400 4204 spondaeus
1414 4141 1505 4203 repe·

452 4234 541 4306 ritur,
557 4241 612 4295 ut:

593 4334 694 4388 Scindit
705 4349 732 4385 se
744 4332 825 4385 nuber
838 4337 865 4384 et
876 4331 903 4382 iu
915 4329 1015 4384 retbere
1026 4334 1122 4399 purgat
1133 4334 1260 4400 aperbrm.

453 4441 508 4500 aut
523 4433 626 4516 primo
642 4444 675 4493 et
688 4431 792 4506 tertio,
806 4439 861 4490 ut:

594 4537 743 4592 lnterclusit
754 4537 845 4606 hyems
857 4543 884 4588 et
895 4539 989 4590 terruit
1002 4539 1099 4589 Auster
1112 4540 1212 4587 euntes.
