<?xml version="1.0" encoding="UTF-8"?>
<!DOCTYPE html PUBLIC "-//W3C//DTD XHTML 1.0 Transitional//EN"
    "http://www.w3.org/TR/xhtml1/DTD/xhtml1-transitional.dtd">
<html xmlns="http://www.w3.org/1999/xhtml" xml:lang="en" lang="en">
 <head>
  <title>
</title>
<meta http-equiv="Content-Type" content="text/html;charset=utf-8" />
  <meta name='ocr-system' content='tesseract 3.04.00' />
  <meta name='ocr-capabilities' content='ocr_page ocr_carea ocr_par ocr_line ocrx_word'/>
</head>
<body>
  <div class='ocr_page' id='page_1' title='image "./operaquextantom00aldhgoog_0177.png"; bbox 0 0 3759 5425; ppageno 0'>
   <div class='ocr_carea' id='block_1_1' title="bbox 703 739 1122 790">
    <p class='ocr_par' dir='ltr' id='par_1_1' title="bbox 703 739 1122 790">
     <span class='ocr_line' id='line_1_1' title="bbox 703 739 1122 790; baseline 0.005 -4"><span class='ocrx_word' id='word_1_1' title='bbox 703 740 747 786; x_wconf 79' lang='lat' dir='ltr'><strong>DB</strong></span> <span class='ocrx_word' id='word_1_2' title='bbox 761 739 927 788; x_wconf 75' lang='lat' dir='ltr'><strong>taunmus</strong></span> <span class='ocrx_word' id='word_1_3' title='bbox 940 741 1122 790; x_wconf 68' lang='lat' dir='ltr'><strong>visentum,</strong></span> 
     </span>
    </p>
   </div>
   <div class='ocr_carea' id='block_1_2' title="bbox 480 890 1266 1186">
    <p class='ocr_par' dir='ltr' id='par_1_2' title="bbox 480 890 1266 1186">
     <span class='ocr_line' id='line_1_2' title="bbox 480 890 1264 976; baseline 0.009 -24"><span class='ocrx_word' id='word_1_4' title='bbox 480 890 681 956; x_wconf 89' lang='lat' dir='ltr'><strong>Horrescens</strong></span> <span class='ocrx_word' id='word_1_5' title='bbox 695 893 825 976; x_wconf 80' lang='lat' dir='ltr'><strong>ponitus</strong></span> <span class='ocrx_word' id='word_1_6' title='bbox 839 895 927 959; x_wconf 66' lang='lat' dir='ltr'><strong>fusae</strong></span> <span class='ocrx_word' id='word_1_7' title='bbox 943 896 1136 962; x_wconf 86' lang='lat' dir='ltr'><strong>commercia</strong></span> <span class='ocrx_word' id='word_1_8' title='bbox 1149 897 1264 960; x_wconf 86' lang='lat' dir='ltr'><strong>carnis.</strong></span> 
     </span>
     <span class='ocr_line' id='line_1_3' title="bbox 481 990 1218 1079; baseline 0.012 -26"><span class='ocrx_word' id='word_1_9' title='bbox 481 990 643 1056; x_wconf 83' lang='lat' dir='ltr'><strong>Plurimus</strong></span> <span class='ocrx_word' id='word_1_10' title='bbox 656 993 780 1059; x_wconf 88' lang='lat' dir='ltr'><strong>idcirco</strong></span> <span class='ocrx_word' id='word_1_11' title='bbox 796 995 974 1079; x_wconf 77' lang='lat' dir='ltr'>devulgans</span> <span class='ocrx_word' id='word_1_12' title='bbox 988 997 1112 1062; x_wconf 89' lang='lat' dir='ltr'><strong>semina</strong></span> <span class='ocrx_word' id='word_1_13' title='bbox 1124 996 1218 1062; x_wconf 76' lang='lat' dir='ltr'><strong>famae</strong></span> 
     </span>
     <span class='ocr_line' id='line_1_4' title="bbox 480 1091 1266 1186; baseline 0.011 -33"><span class='ocrx_word' id='word_1_14' title='bbox 480 1091 640 1155; x_wconf 80' lang='lat' dir='ltr'><strong>Virtutum</strong></span> <span class='ocrx_word' id='word_1_15' title='bbox 653 1114 761 1158; x_wconf 89' lang='lat' dir='ltr'><strong>mmor</strong></span> <span class='ocrx_word' id='word_1_16' title='bbox 773 1095 874 1158; x_wconf 89' lang='lat' dir='ltr'><strong>latum</strong></span> <span class='ocrx_word' id='word_1_17' title='bbox 890 1096 1064 1161; x_wconf 81' lang='lat' dir='ltr'><strong>crebrescit</strong></span> <span class='ocrx_word' id='word_1_18' title='bbox 1078 1096 1113 1159; x_wconf 92' lang='lat' dir='ltr'><strong>in</strong></span> <span class='ocrx_word' id='word_1_19' title='bbox 1129 1098 1248 1162; x_wconf 86' lang='lat' dir='ltr'><strong>orbem.</strong></span> <span class='ocrx_word' id='word_1_20' title='bbox 1262 1181 1266 1186; x_wconf 25' lang='grc' dir='ltr'>Ι</span> 
     </span>
    </p>
   </div>
   <div class='ocr_carea' id='block_1_3' title="bbox 480 1194 1302 1282">
    <p class='ocr_par' dir='ltr' id='par_1_3' title="bbox 480 1194 1302 1282">
     <span class='ocr_line' id='line_1_5' title="bbox 480 1194 1302 1282; baseline 0.013 -26"><span class='ocrx_word' id='word_1_21' title='bbox 480 1194 555 1258; x_wconf 93' lang='lat' dir='ltr'><strong>Non</strong></span> <span class='ocrx_word' id='word_1_22' title='bbox 570 1195 668 1276; x_wconf 92' lang='lat' dir='ltr'><strong>igitur</strong></span> <span class='ocrx_word' id='word_1_23' title='bbox 682 1198 825 1280; x_wconf 88' lang='lat' dir='ltr'><strong>speciem</strong></span> <span class='ocrx_word' id='word_1_24' title='bbox 840 1217 900 1280; x_wconf 92' lang='lat' dir='ltr'><strong>per</strong></span> <span class='ocrx_word' id='word_1_25' title='bbox 914 1199 1041 1282; x_wconf 90' lang='lat' dir='ltr'><strong>singula</strong></span> <span class='ocrx_word' id='word_1_26' title='bbox 1056 1221 1160 1265; x_wconf 90' lang='lat' dir='ltr'><strong>sermo</strong></span> <span class='ocrx_word' id='word_1_27' title='bbox 1176 1203 1302 1281; x_wconf 79' lang='lat' dir='ltr'>retexit,</span> 
     </span>
    </p>
   </div>
   <div class='ocr_carea' id='block_1_4' title="bbox 468 1293 1344 4616">
    <p class='ocr_par' dir='ltr' id='par_1_4' title="bbox 468 1293 1344 4616">
     <span class='ocr_line' id='line_1_6' title="bbox 479 1293 1260 1384; baseline 0.009 -25"><span class='ocrx_word' id='word_1_28' title='bbox 479 1293 544 1360; x_wconf 87' lang='lat' dir='ltr'><strong>Sed</strong></span> <span class='ocrx_word' id='word_1_29' title='bbox 559 1317 661 1378; x_wconf 89' lang='lat' dir='ltr'><strong>genus</strong></span> <span class='ocrx_word' id='word_1_30' title='bbox 675 1300 831 1382; x_wconf 81' lang='lat' dir='ltr'><strong>explanat</strong></span> <span class='ocrx_word' id='word_1_31' title='bbox 845 1300 1007 1364; x_wconf 87' lang='lat' dir='ltr'><strong>salebroso</strong></span> <span class='ocrx_word' id='word_1_32' title='bbox 1022 1301 1143 1384; x_wconf 84' lang='lat' dir='ltr'><strong>pagina</strong></span> <span class='ocrx_word' id='word_1_33' title='bbox 1157 1323 1260 1366; x_wconf 88' lang='lat' dir='ltr'><strong>versu.</strong></span> 
     </span>
     <span class='ocr_line' id='line_1_7' title="bbox 479 1399 1160 1486; baseline 0.009 -23"><span class='ocrx_word' id='word_1_34' title='bbox 479 1399 622 1463; x_wconf 85' lang='lat' dir='ltr'><strong>Suscitat</strong></span> <span class='ocrx_word' id='word_1_35' title='bbox 634 1399 758 1465; x_wconf 80' lang='lat' dir='ltr'><strong>interea</strong></span> <span class='ocrx_word' id='word_1_36' title='bbox 771 1402 878 1486; x_wconf 84' lang='lat' dir='ltr'><strong>sopita</strong></span> <span class='ocrx_word' id='word_1_37' title='bbox 892 1402 1048 1468; x_wconf 83' lang='lat' dir='ltr'><strong>cadavere</strong></span> <span class='ocrx_word' id='word_1_38' title='bbox 1060 1405 1160 1484; x_wconf 90' lang='lat' dir='ltr'><strong>letho,</strong></span> 
     </span>
     <span class='ocr_line' id='line_1_8' title="bbox 479 1500 1300 1582; baseline 0.01 -19"><span class='ocrx_word' id='word_1_39' title='bbox 479 1500 560 1571; x_wconf 82' lang='lat' dir='ltr'><strong>Quae</strong></span> <span class='ocrx_word' id='word_1_40' title='bbox 574 1501 691 1582; x_wconf 78' lang='lat' dir='ltr'><strong>gelidae</strong></span> <span class='ocrx_word' id='word_1_41' title='bbox 706 1501 841 1566; x_wconf 89' lang='lat' dir='ltr'><strong>strictim</strong></span> <span class='ocrx_word' id='word_1_42' title='bbox 855 1501 1022 1568; x_wconf 87' lang='lat' dir='ltr'><strong>nodabant</strong></span> <span class='ocrx_word' id='word_1_43' title='bbox 1035 1505 1164 1570; x_wconf 83' lang='lat' dir='ltr'><strong>vincula</strong></span> <span class='ocrx_word' id='word_1_44' title='bbox 1178 1507 1300 1582; x_wconf 89' lang='lat' dir='ltr'><strong>mortis,</strong></span> 
     </span>
     <span class='ocr_line' id='line_1_9' title="bbox 479 1600 1247 1689; baseline 0.01 -26"><span class='ocrx_word' id='word_1_45' title='bbox 479 1600 614 1665; x_wconf 90' lang='lat' dir='ltr'><strong>Dedidit</strong></span> <span class='ocrx_word' id='word_1_46' title='bbox 628 1603 776 1666; x_wconf 89' lang='lat' dir='ltr'><strong>obtutum</strong></span> <span class='ocrx_word' id='word_1_47' title='bbox 791 1623 948 1667; x_wconf 80' lang='lat' dir='ltr'><strong>caseorum</strong></span> <span class='ocrx_word' id='word_1_48' title='bbox 965 1604 1087 1670; x_wconf 88' lang='lat' dir='ltr'><strong>lumina</strong></span> <span class='ocrx_word' id='word_1_49' title='bbox 1101 1615 1247 1689; x_wconf 87' lang='lat' dir='ltr'><strong>tangens,</strong></span> 
     </span>
     <span class='ocr_line' id='line_1_10' title="bbox 482 1701 1268 1794; baseline 0.01 -28"><span class='ocrx_word' id='word_1_50' title='bbox 482 1701 624 1767; x_wconf 85' lang='lat' dir='ltr'><strong>Claudos</strong></span> <span class='ocrx_word' id='word_1_51' title='bbox 637 1704 772 1768; x_wconf 87' lang='lat' dir='ltr'><strong>firmatis</strong></span> <span class='ocrx_word' id='word_1_52' title='bbox 785 1725 864 1768; x_wconf 87' lang='lat' dir='ltr'><strong>mox</strong></span> <span class='ocrx_word' id='word_1_53' title='bbox 874 1704 974 1790; x_wconf 88' lang='lat' dir='ltr'><strong>jussit</strong></span> <span class='ocrx_word' id='word_1_54' title='bbox 986 1728 1120 1791; x_wconf 76' lang='lat' dir='ltr'>pergere</span> <span class='ocrx_word' id='word_1_55' title='bbox 1135 1708 1268 1794; x_wconf 87' lang='lat' dir='ltr'><strong>plantis:</strong></span> 
     </span>
     <span class='ocr_line' id='line_1_11' title="bbox 478 1802 1279 1890; baseline 0.01 -24"><span class='ocrx_word' id='word_1_56' title='bbox 478 1802 690 1868; x_wconf 81' lang='lat' dir='ltr'><strong>Harmoniam</strong></span> <span class='ocrx_word' id='word_1_57' title='bbox 705 1804 792 1868; x_wconf 90' lang='lat' dir='ltr'><strong>surdi</strong></span> <span class='ocrx_word' id='word_1_58' title='bbox 807 1817 1012 1890; x_wconf 88' lang='lat' dir='ltr'><strong>sumpserunt</strong></span> <span class='ocrx_word' id='word_1_59' title='bbox 1024 1828 1100 1872; x_wconf 87' lang='lat' dir='ltr'><strong>aure</strong></span> <span class='ocrx_word' id='word_1_60' title='bbox 1115 1829 1279 1874; x_wconf 88' lang='lat' dir='ltr'><strong>sonoram:</strong></span> 
     </span>
     <span class='ocr_line' id='line_1_12' title="bbox 478 1902 1220 1993; baseline 0.011 -29"><span class='ocrx_word' id='word_1_61' title='bbox 478 1902 549 1966; x_wconf 93' lang='lat' dir='ltr'><strong>Nec</strong></span> <span class='ocrx_word' id='word_1_62' title='bbox 563 1923 630 1967; x_wconf 91' lang='lat' dir='ltr'><strong>non</strong></span> <span class='ocrx_word' id='word_1_63' title='bbox 645 1911 679 1966; x_wconf 88' lang='lat' dir='ltr'><strong>et</strong></span> <span class='ocrx_word' id='word_1_64' title='bbox 692 1904 773 1967; x_wconf 88' lang='lat' dir='ltr'><strong>muti</strong></span> <span class='ocrx_word' id='word_1_65' title='bbox 788 1905 956 1969; x_wconf 79' lang='lat' dir='ltr'><strong>solvebant</strong></span> <span class='ocrx_word' id='word_1_66' title='bbox 968 1906 1060 1971; x_wconf 87' lang='lat' dir='ltr'><strong>labra</strong></span> <span class='ocrx_word' id='word_1_67' title='bbox 1072 1909 1220 1993; x_wconf 91' lang='lat' dir='ltr'><strong>loquelis.</strong></span> 
     </span>
     <span class='ocr_line' id='line_1_13' title="bbox 479 2004 1222 2074; baseline 0.009 -7"><span class='ocrx_word' id='word_1_68' title='bbox 479 2004 607 2068; x_wconf 84' lang='lat' dir='ltr'><strong>Sanatis</strong></span> <span class='ocrx_word' id='word_1_69' title='bbox 621 2005 770 2068; x_wconf 88' lang='lat' dir='ltr'><strong>manibus</strong></span> <span class='ocrx_word' id='word_1_70' title='bbox 785 2006 946 2070; x_wconf 79' lang='lat' dir='ltr'><strong>concessit</strong></span> <span class='ocrx_word' id='word_1_71' title='bbox 960 2006 1063 2071; x_wconf 83' lang='lat' dir='ltr'><strong>virere</strong></span> <span class='ocrx_word' id='word_1_72' title='bbox 1074 2029 1222 2074; x_wconf 87' lang='lat' dir='ltr'><strong>mancos:</strong></span> 
     </span>
     <span class='ocr_line' id='line_1_14' title="bbox 480 2105 1288 2191; baseline 0.01 -24"><span class='ocrx_word' id='word_1_73' title='bbox 480 2105 557 2167; x_wconf 77' lang='lat' dir='ltr'><strong>Atra</strong></span> <span class='ocrx_word' id='word_1_74' title='bbox 570 2125 764 2168; x_wconf 79' lang='lat' dir='ltr'><strong>venenorum</strong></span> <span class='ocrx_word' id='word_1_75' title='bbox 779 2126 846 2169; x_wconf 93' lang='lat' dir='ltr'><strong>non</strong></span> <span class='ocrx_word' id='word_1_76' title='bbox 861 2106 963 2170; x_wconf 90' lang='lat' dir='ltr'><strong>sensit</strong></span> <span class='ocrx_word' id='word_1_77' title='bbox 978 2105 1096 2172; x_wconf 86' lang='lat' dir='ltr'><strong>damna</strong></span> <span class='ocrx_word' id='word_1_78' title='bbox 1109 2109 1288 2191; x_wconf 87' lang='lat' dir='ltr'><strong>nigrorum:</strong></span> 
     </span>
     <span class='ocr_line' id='line_1_15' title="bbox 478 2205 1284 2276; baseline 0.011 -11"><span class='ocrx_word' id='word_1_79' title='bbox 478 2205 631 2276; x_wconf 80' lang='lat' dir='ltr'><strong>Quamvis</strong></span> <span class='ocrx_word' id='word_1_80' title='bbox 646 2205 810 2269; x_wconf 83' lang='lat' dir='ltr'><strong>lethiferos</strong></span> <span class='ocrx_word' id='word_1_81' title='bbox 825 2207 966 2270; x_wconf 84' lang='lat' dir='ltr'><strong>sorberet</strong></span> <span class='ocrx_word' id='word_1_82' title='bbox 980 2207 1126 2272; x_wconf 86' lang='lat' dir='ltr'><strong>saucibus</strong></span> <span class='ocrx_word' id='word_1_83' title='bbox 1140 2211 1284 2276; x_wconf 86' lang='lat' dir='ltr'><strong>haustus.</strong></span> 
     </span>
     <span class='ocr_line' id='line_1_16' title="bbox 519 2305 1344 2393; baseline 0.011 -26"><span class='ocrx_word' id='word_1_84' title='bbox 519 2305 574 2368; x_wconf 90' lang='lat' dir='ltr'><strong>Sic</strong></span> <span class='ocrx_word' id='word_1_85' title='bbox 588 2306 724 2388; x_wconf 85' lang='lat' dir='ltr'><strong>legimus</strong></span> <span class='ocrx_word' id='word_1_86' title='bbox 738 2307 846 2391; x_wconf 89' lang='lat' dir='ltr'><strong>prisco</strong></span> <span class='ocrx_word' id='word_1_87' title='bbox 861 2309 1026 2390; x_wconf 79' lang='lat' dir='ltr'><strong>vulgatum</strong></span> <span class='ocrx_word' id='word_1_88' title='bbox 1042 2320 1184 2393; x_wconf 89' lang='lat' dir='ltr'><strong>tempore</strong></span> <span class='ocrx_word' id='word_1_89' title='bbox 1200 2312 1344 2391; x_wconf 86' lang='lat' dir='ltr'><strong>Saulum,</strong></span> 
     </span>
     <span class='ocr_line' id='line_1_17' title="bbox 478 2405 1337 2498; baseline 0.012 -31"><span class='ocrx_word' id='word_1_90' title='bbox 478 2405 626 2488; x_wconf 89' lang='lat' dir='ltr'><strong>Imperiis</strong></span> <span class='ocrx_word' id='word_1_91' title='bbox 638 2427 808 2491; x_wconf 89' lang='lat' dir='ltr'><strong>procerum</strong></span> <span class='ocrx_word' id='word_1_92' title='bbox 824 2408 881 2493; x_wconf 92' lang='lat' dir='ltr'><strong>qui</strong></span> <span class='ocrx_word' id='word_1_93' title='bbox 896 2408 1015 2472; x_wconf 85' lang='lat' dir='ltr'><strong>Christi</strong></span> <span class='ocrx_word' id='word_1_94' title='bbox 1031 2409 1183 2491; x_wconf 87' lang='lat' dir='ltr'><strong>dogmata</strong></span> <span class='ocrx_word' id='word_1_95' title='bbox 1196 2414 1337 2498; x_wconf 82' lang='lat' dir='ltr'><strong>tempsit</strong></span> 
     </span>
     <span class='ocr_line' id='line_1_18' title="bbox 476 2508 1301 2593; baseline 0.01 -24"><span class='ocrx_word' id='word_1_96' title='bbox 476 2508 569 2572; x_wconf 88' lang='lat' dir='ltr'><strong>Alma</strong></span> <span class='ocrx_word' id='word_1_97' title='bbox 581 2509 748 2572; x_wconf 85' lang='lat' dir='ltr'><strong>beatorum</strong></span> <span class='ocrx_word' id='word_1_98' title='bbox 764 2518 982 2593; x_wconf 85' lang='lat' dir='ltr'><strong>contorquens</strong></span> <span class='ocrx_word' id='word_1_99' title='bbox 996 2513 1138 2574; x_wconf 82' lang='lat' dir='ltr'><strong>membra</strong></span> <span class='ocrx_word' id='word_1_100' title='bbox 1153 2511 1301 2588; x_wconf 86' lang='lat' dir='ltr'><strong>virorum,</strong></span> 
     </span>
     <span class='ocr_line' id='line_1_19' title="bbox 479 2609 1222 2694; baseline 0.004 -22"><span class='ocrx_word' id='word_1_101' title='bbox 479 2609 566 2674; x_wconf 91' lang='lat' dir='ltr'><strong>Dum</strong></span> <span class='ocrx_word' id='word_1_102' title='bbox 581 2611 696 2694; x_wconf 71' lang='lat' dir='ltr'><strong>priscae</strong></span> <span class='ocrx_word' id='word_1_103' title='bbox 711 2612 812 2674; x_wconf 80' lang='lat' dir='ltr'><strong>voluit</strong></span> <span class='ocrx_word' id='word_1_104' title='bbox 825 2611 908 2692; x_wconf 89' lang='lat' dir='ltr'><strong>legis</strong></span> <span class='ocrx_word' id='word_1_105' title='bbox 922 2631 1056 2692; x_wconf 86' lang='lat' dir='ltr'><strong>regnare</strong></span> <span class='ocrx_word' id='word_1_106' title='bbox 1071 2612 1222 2686; x_wconf 86' lang='lat' dir='ltr'><strong>latebras,</strong></span> 
     </span>
     <span class='ocr_line' id='line_1_20' title="bbox 476 2712 1257 2797; baseline 0.001 -22"><span class='ocrx_word' id='word_1_107' title='bbox 476 2712 521 2775; x_wconf 89' lang='lat' dir='ltr'><strong>Et</strong></span> <span class='ocrx_word' id='word_1_108' title='bbox 535 2712 664 2777; x_wconf 88' lang='lat' dir='ltr'><strong>Christo</strong></span> <span class='ocrx_word' id='word_1_109' title='bbox 677 2714 798 2797; x_wconf 86' lang='lat' dir='ltr'><strong>patrios</strong></span> <span class='ocrx_word' id='word_1_110' title='bbox 813 2722 952 2776; x_wconf 87' lang='lat' dir='ltr'><strong>veterum</strong></span> <span class='ocrx_word' id='word_1_111' title='bbox 969 2733 1154 2797; x_wconf 83' lang='lat' dir='ltr'><strong>praeponere</strong></span> <span class='ocrx_word' id='word_1_112' title='bbox 1169 2713 1257 2777; x_wconf 89' lang='lat' dir='ltr'><strong>ritus.</strong></span> 
     </span>
     <span class='ocr_line' id='line_1_21' title="bbox 476 2811 1181 2877; baseline 0 -2"><span class='ocrx_word' id='word_1_113' title='bbox 476 2811 617 2875; x_wconf 84' lang='lat' dir='ltr'><strong>Vertitur</strong></span> <span class='ocrx_word' id='word_1_114' title='bbox 630 2812 752 2875; x_wconf 90' lang='lat' dir='ltr'><strong>interea</strong></span> <span class='ocrx_word' id='word_1_115' title='bbox 766 2820 889 2874; x_wconf 83' lang='lat' dir='ltr'><strong>mutato</strong></span> <span class='ocrx_word' id='word_1_116' title='bbox 904 2811 1034 2875; x_wconf 89' lang='lat' dir='ltr'><strong>nomine</strong></span> <span class='ocrx_word' id='word_1_117' title='bbox 1050 2823 1181 2877; x_wconf 87' lang='lat' dir='ltr'><strong>sanctus</strong></span> 
     </span>
     <span class='ocr_line' id='line_1_22' title="bbox 476 2910 1232 2994; baseline 0.005 -20"><span class='ocrx_word' id='word_1_118' title='bbox 476 2912 594 2976; x_wconf 88' lang='lat' dir='ltr'><strong>Paulus</strong></span> <span class='ocrx_word' id='word_1_119' title='bbox 607 2911 805 2994; x_wconf 81' lang='lat' dir='ltr'><strong>Apostolicae</strong></span> <span class='ocrx_word' id='word_1_120' title='bbox 819 2910 936 2974; x_wconf 89' lang='lat' dir='ltr'><strong>meruit</strong></span> <span class='ocrx_word' id='word_1_121' title='bbox 949 2912 1114 2994; x_wconf 72' lang='lat' dir='ltr'><strong>praeconia</strong></span> <span class='ocrx_word' id='word_1_122' title='bbox 1127 2912 1232 2994; x_wconf 81' lang='lat' dir='ltr'><strong>fsmae,</strong></span> 
     </span>
     <span class='ocr_line' id='line_1_23' title="bbox 474 3014 1221 3100; baseline 0.005 -23"><span class='ocrx_word' id='word_1_123' title='bbox 474 3015 581 3078; x_wconf 78' lang='lat' dir='ltr'><strong>Insula</strong></span> <span class='ocrx_word' id='word_1_124' title='bbox 594 3015 736 3097; x_wconf 86' lang='lat' dir='ltr'><strong>virgineo</strong></span> <span class='ocrx_word' id='word_1_125' title='bbox 752 3035 849 3097; x_wconf 87' lang='lat' dir='ltr'><strong>quem</strong></span> <span class='ocrx_word' id='word_1_126' title='bbox 864 3014 964 3077; x_wconf 91' lang='lat' dir='ltr'><strong>comit</strong></span> <span class='ocrx_word' id='word_1_127' title='bbox 979 3035 1069 3079; x_wconf 86' lang='lat' dir='ltr'><strong>sacra</strong></span> <span class='ocrx_word' id='word_1_128' title='bbox 1083 3016 1221 3100; x_wconf 91' lang='lat' dir='ltr'><strong>pudore,</strong></span> 
     </span>
     <span class='ocr_line' id='line_1_24' title="bbox 474 3113 1265 3201; baseline 0.005 -22"><span class='ocrx_word' id='word_1_129' title='bbox 474 3114 628 3187; x_wconf 86' lang='lat' dir='ltr'><strong>Quamvis</strong></span> <span class='ocrx_word' id='word_1_130' title='bbox 636 3115 707 3201; x_wconf 84' lang='lat' dir='ltr'><strong>jam</strong></span> <span class='ocrx_word' id='word_1_131' title='bbox 722 3113 845 3178; x_wconf 90' lang='lat' dir='ltr'><strong>dudum</strong></span> <span class='ocrx_word' id='word_1_132' title='bbox 861 3114 1028 3179; x_wconf 86' lang='lat' dir='ltr'><strong>damnaret</strong></span> <span class='ocrx_word' id='word_1_133' title='bbox 1042 3136 1168 3182; x_wconf 87' lang='lat' dir='ltr'><strong>carcere</strong></span> <span class='ocrx_word' id='word_1_134' title='bbox 1184 3127 1265 3183; x_wconf 91' lang='lat' dir='ltr'><strong>tetro</strong></span> 
     </span>
     <span class='ocr_line' id='line_1_25' title="bbox 473 3216 1307 3285; baseline 0.007 -7"><span class='ocrx_word' id='word_1_135' title='bbox 473 3216 618 3280; x_wconf 87' lang='lat' dir='ltr'><strong>Membra</strong></span> <span class='ocrx_word' id='word_1_136' title='bbox 633 3226 828 3280; x_wconf 86' lang='lat' dir='ltr'><strong>catervarum</strong></span> <span class='ocrx_word' id='word_1_137' title='bbox 844 3227 1026 3281; x_wconf 87' lang='lat' dir='ltr'><strong>servantum</strong></span> <span class='ocrx_word' id='word_1_138' title='bbox 1041 3216 1163 3282; x_wconf 84' lang='lat' dir='ltr'><strong>loedera</strong></span> <span class='ocrx_word' id='word_1_139' title='bbox 1177 3218 1307 3285; x_wconf 79' lang='lat' dir='ltr'><strong>Christi.</strong></span> 
     </span>
     <span class='ocr_line' id='line_1_26' title="bbox 473 3316 1246 3401; baseline 0.005 -21"><span class='ocrx_word' id='word_1_140' title='bbox 473 3316 527 3381; x_wconf 88' lang='lat' dir='ltr'><strong>Sic</strong></span> <span class='ocrx_word' id='word_1_141' title='bbox 541 3318 633 3381; x_wconf 91' lang='lat' dir='ltr'><strong>Deus</strong></span> <span class='ocrx_word' id='word_1_142' title='bbox 647 3318 796 3381; x_wconf 87' lang='lat' dir='ltr'><strong>excelsus</strong></span> <span class='ocrx_word' id='word_1_143' title='bbox 810 3317 865 3401; x_wconf 90' lang='lat' dir='ltr'><strong>qui</strong></span> <span class='ocrx_word' id='word_1_144' title='bbox 880 3327 983 3382; x_wconf 89' lang='lat' dir='ltr'><strong>mutat</strong></span> <span class='ocrx_word' id='word_1_145' title='bbox 998 3318 1096 3382; x_wconf 89' lang='lat' dir='ltr'><strong>corda</strong></span> <span class='ocrx_word' id='word_1_146' title='bbox 1109 3340 1246 3396; x_wconf 88' lang='lat' dir='ltr'><strong>reorum,</strong></span> 
     </span>
     <span class='ocr_line' id='line_1_27' title="bbox 472 3418 1303 3504; baseline 0.006 -23"><span class='ocrx_word' id='word_1_147' title='bbox 472 3418 586 3483; x_wconf 83' lang='lat' dir='ltr'><strong>Traxit</strong></span> <span class='ocrx_word' id='word_1_148' title='bbox 600 3439 691 3482; x_wconf 86' lang='lat' dir='ltr'><strong>ovem</strong></span> <span class='ocrx_word' id='word_1_149' title='bbox 706 3418 867 3501; x_wconf 77' lang='lat' dir='ltr'><strong>egregiam</strong></span> <span class='ocrx_word' id='word_1_150' title='bbox 882 3440 967 3484; x_wconf 81' lang='lat' dir='ltr'><strong>saeva</strong></span> <span class='ocrx_word' id='word_1_151' title='bbox 981 3419 1022 3483; x_wconf 86' lang='lat' dir='ltr'><strong>de</strong></span> <span class='ocrx_word' id='word_1_152' title='bbox 1037 3420 1129 3484; x_wconf 85' lang='lat' dir='ltr'><strong>fauce</strong></span> <span class='ocrx_word' id='word_1_153' title='bbox 1144 3422 1303 3504; x_wconf 91' lang='lat' dir='ltr'><strong>luporum,</strong></span> 
     </span>
     <span class='ocr_line' id='line_1_28' title="bbox 473 3520 1264 3604; baseline 0.006 -22"><span class='ocrx_word' id='word_1_154' title='bbox 473 3520 537 3592; x_wconf 89' lang='lat' dir='ltr'><strong>Qui</strong></span> <span class='ocrx_word' id='word_1_155' title='bbox 551 3521 740 3604; x_wconf 90' lang='lat' dir='ltr'><strong>plerumque</strong></span> <span class='ocrx_word' id='word_1_156' title='bbox 752 3528 851 3584; x_wconf 88' lang='lat' dir='ltr'><strong>tetros</strong></span> <span class='ocrx_word' id='word_1_157' title='bbox 865 3520 957 3583; x_wconf 81' lang='lat' dir='ltr'><strong>firrvs</strong></span> <span class='ocrx_word' id='word_1_158' title='bbox 970 3520 1134 3603; x_wconf 78' lang='lat' dir='ltr'><strong>nigredine</strong></span> <span class='ocrx_word' id='word_1_159' title='bbox 1151 3543 1264 3587; x_wconf 87' lang='lat' dir='ltr'><strong>corvos</strong></span> 
     </span>
     <span class='ocr_line' id='line_1_29' title="bbox 473 3620 1290 3703; baseline 0.002 -20"><span class='ocrx_word' id='word_1_160' title='bbox 473 3621 576 3685; x_wconf 90' lang='lat' dir='ltr'><strong>Vertit</strong></span> <span class='ocrx_word' id='word_1_161' title='bbox 589 3622 624 3684; x_wconf 90' lang='lat' dir='ltr'><strong>in</strong></span> <span class='ocrx_word' id='word_1_162' title='bbox 639 3622 785 3686; x_wconf 90' lang='lat' dir='ltr'><strong>albentes</strong></span> <span class='ocrx_word' id='word_1_163' title='bbox 800 3622 916 3703; x_wconf 83' lang='lat' dir='ltr'><strong>glauco</strong></span> <span class='ocrx_word' id='word_1_164' title='bbox 931 3621 1002 3684; x_wconf 89' lang='lat' dir='ltr'><strong>sine</strong></span> <span class='ocrx_word' id='word_1_165' title='bbox 1017 3620 1091 3685; x_wconf 85' lang='lat' dir='ltr'><strong>selle</strong></span> <span class='ocrx_word' id='word_1_166' title='bbox 1107 3622 1273 3685; x_wconf 86' lang='lat' dir='ltr'><strong>columbas</strong></span> <span class='ocrx_word' id='word_1_167' title='bbox 1281 3645 1290 3701; x_wconf 91' lang='lat'>;</span> 
     </span>
     <span class='ocr_line' id='line_1_30' title="bbox 471 3720 1272 3802; baseline 0.004 -18"><span class='ocrx_word' id='word_1_168' title='bbox 471 3720 578 3785; x_wconf 92' lang='lat' dir='ltr'><strong>Deum</strong></span> <span class='ocrx_word' id='word_1_169' title='bbox 594 3723 821 3786; x_wconf 84' lang='lat' dir='ltr'><strong>sceleratorum</strong></span> <span class='ocrx_word' id='word_1_170' title='bbox 837 3723 1010 3786; x_wconf 90' lang='lat' dir='ltr'><strong>clementer</strong></span> <span class='ocrx_word' id='word_1_171' title='bbox 1026 3721 1159 3785; x_wconf 89' lang='lat' dir='ltr'><strong>crimina</strong></span> <span class='ocrx_word' id='word_1_172' title='bbox 1173 3724 1272 3802; x_wconf 84' lang='lat' dir='ltr'><strong>laxat,</strong></span> 
     </span>
     <span class='ocr_line' id='line_1_31' title="bbox 472 3820 1271 3887; baseline -0.001 0"><span class='ocrx_word' id='word_1_173' title='bbox 472 3822 622 3887; x_wconf 86' lang='lat' dir='ltr'><strong>Candida</strong></span> <span class='ocrx_word' id='word_1_174' title='bbox 635 3824 784 3887; x_wconf 81' lang='lat' dir='ltr'><strong>virtutum</strong></span> <span class='ocrx_word' id='word_1_175' title='bbox 800 3821 986 3886; x_wconf 86' lang='lat' dir='ltr'><strong>concedens</strong></span> <span class='ocrx_word' id='word_1_176' title='bbox 1001 3820 1087 3884; x_wconf 91' lang='lat' dir='ltr'><strong>dona</strong></span> <span class='ocrx_word' id='word_1_177' title='bbox 1102 3841 1271 3886; x_wconf 85' lang='lat' dir='ltr'><strong>sacrarum.</strong></span> 
     </span>
     <span class='ocr_line' id='line_1_32' title="bbox 471 3922 1329 4008; baseline 0.003 -20"><span class='ocrx_word' id='word_1_178' title='bbox 471 3925 575 3996; x_wconf 88' lang='lat' dir='ltr'><strong>Quem</strong></span> <span class='ocrx_word' id='word_1_179' title='bbox 589 3935 681 4008; x_wconf 89' lang='lat' dir='ltr'><strong>peter</strong></span> <span class='ocrx_word' id='word_1_180' title='bbox 694 3924 895 4006; x_wconf 87' lang='lat' dir='ltr'><strong>ingeminans</strong></span> <span class='ocrx_word' id='word_1_181' title='bbox 910 3924 975 3986; x_wconf 84' lang='lat' dir='ltr'><strong>alta</strong></span> <span class='ocrx_word' id='word_1_182' title='bbox 988 3922 1039 3984; x_wconf 92' lang='lat' dir='ltr'><strong>bis</strong></span> <span class='ocrx_word' id='word_1_183' title='bbox 1054 3922 1172 3986; x_wconf 84' lang='lat' dir='ltr'><strong>clamet</strong></span> <span class='ocrx_word' id='word_1_184' title='bbox 1187 3924 1227 3986; x_wconf 86' lang='lat' dir='ltr'><strong>ab</strong></span> <span class='ocrx_word' id='word_1_185' title='bbox 1246 3946 1329 4005; x_wconf 84' lang='lat' dir='ltr'><strong>arce,</strong></span> 
     </span>
     <span class='ocr_line' id='line_1_33' title="bbox 472 4023 1281 4109; baseline -0.001 -20"><span class='ocrx_word' id='word_1_186' title='bbox 472 4026 566 4090; x_wconf 88' lang='lat' dir='ltr'><strong>Tunc</strong></span> <span class='ocrx_word' id='word_1_187' title='bbox 581 4026 647 4089; x_wconf 89' lang='lat' dir='ltr'><strong>mit</strong></span> <span class='ocrx_word' id='word_1_188' title='bbox 659 4025 694 4088; x_wconf 93' lang='lat' dir='ltr'><strong>in</strong></span> <span class='ocrx_word' id='word_1_189' title='bbox 709 4026 824 4089; x_wconf 85' lang='lat' dir='ltr'><strong>faciem</strong></span> <span class='ocrx_word' id='word_1_190' title='bbox 838 4035 996 4109; x_wconf 88' lang='lat' dir='ltr'><strong>prostrato</strong></span> <span class='ocrx_word' id='word_1_191' title='bbox 1011 4024 1135 4107; x_wconf 88' lang='lat' dir='ltr'><strong>poplite</strong></span> <span class='ocrx_word' id='word_1_192' title='bbox 1149 4023 1281 4105; x_wconf 84' lang='lat' dir='ltr'><strong>Paulus,</strong></span> 
     </span>
     <span class='ocr_line' id='line_1_34' title="bbox 470 4124 1207 4211; baseline -0.004 -21"><span class='ocrx_word' id='word_1_193' title='bbox 470 4127 615 4211; x_wconf 86' lang='lat' dir='ltr'><strong>Stipatus</strong></span> <span class='ocrx_word' id='word_1_194' title='bbox 628 4128 780 4205; x_wconf 89' lang='lat' dir='ltr'><strong>tenebris,</strong></span> <span class='ocrx_word' id='word_1_195' title='bbox 795 4138 828 4191; x_wconf 92' lang='lat' dir='ltr'><strong>et</strong></span> <span class='ocrx_word' id='word_1_196' title='bbox 841 4125 918 4190; x_wconf 87' lang='lat' dir='ltr'><strong>clari</strong></span> <span class='ocrx_word' id='word_1_197' title='bbox 932 4124 1064 4187; x_wconf 90' lang='lat' dir='ltr'><strong>luminis</strong></span> <span class='ocrx_word' id='word_1_198' title='bbox 1079 4144 1207 4207; x_wconf 85' lang='lat' dir='ltr'><strong>expers,</strong></span> 
     </span>
     <span class='ocr_line' id='line_1_35' title="bbox 469 4226 1220 4309; baseline -0.008 -14"><span class='ocrx_word' id='word_1_199' title='bbox 469 4230 624 4302; x_wconf 83' lang='lat' dir='ltr'><strong>Quamvis</strong></span> <span class='ocrx_word' id='word_1_200' title='bbox 639 4241 778 4293; x_wconf 68' lang='lat' dir='ltr'><strong>caecatus</strong></span> <span class='ocrx_word' id='word_1_201' title='bbox 793 4227 926 4292; x_wconf 86' lang='lat' dir='ltr'><strong>sentiret</strong></span> <span class='ocrx_word' id='word_1_202' title='bbox 940 4226 1058 4289; x_wconf 88' lang='lat' dir='ltr'><strong>damna</strong></span> <span class='ocrx_word' id='word_1_203' title='bbox 1072 4226 1220 4309; x_wconf 77' lang='lat' dir='ltr'><strong>pupillae:</strong></span> 
     </span>
     <span class='ocr_line' id='line_1_36' title="bbox 470 4328 1192 4409; baseline -0.008 -15"><span class='ocrx_word' id='word_1_204' title='bbox 470 4333 528 4395; x_wconf 85' lang='lat' dir='ltr'><strong>Ast</strong></span> <span class='ocrx_word' id='word_1_205' title='bbox 541 4342 649 4394; x_wconf 83' lang='lat' dir='ltr'><strong>tamen</strong></span> <span class='ocrx_word' id='word_1_206' title='bbox 664 4352 681 4394; x_wconf 90' lang='lat' dir='ltr'><strong>e</strong></span> <span class='ocrx_word' id='word_1_207' title='bbox 697 4332 780 4394; x_wconf 89' lang='lat' dir='ltr'><strong>coelo</strong></span> <span class='ocrx_word' id='word_1_208' title='bbox 795 4329 876 4393; x_wconf 88' lang='lat' dir='ltr'><strong>vidit</strong></span> <span class='ocrx_word' id='word_1_209' title='bbox 889 4329 1064 4409; x_wconf 84' lang='lat' dir='ltr'><strong>fulgescere</strong></span> <span class='ocrx_word' id='word_1_210' title='bbox 1080 4328 1192 4405; x_wconf 88' lang='lat' dir='ltr'><strong>solem,</strong></span> 
     </span>
     <span class='ocr_line' id='line_1_37' title="bbox 468 4430 1197 4517; baseline -0.007 -21"><span class='ocrx_word' id='word_1_211' title='bbox 468 4434 603 4498; x_wconf 83' lang='lat' dir='ltr'><strong>Pectora</strong></span> <span class='ocrx_word' id='word_1_212' title='bbox 616 4433 673 4517; x_wconf 90' lang='lat' dir='ltr'><strong>qui</strong></span> <span class='ocrx_word' id='word_1_213' title='bbox 687 4452 813 4516; x_wconf 88' lang='lat' dir='ltr'><strong>semper</strong></span> <span class='ocrx_word' id='word_1_214' title='bbox 826 4430 976 4494; x_wconf 85' lang='lat' dir='ltr'><strong>lustrabit</strong></span> <span class='ocrx_word' id='word_1_215' title='bbox 989 4430 1061 4493; x_wconf 92' lang='lat' dir='ltr'><strong>luce</strong></span> <span class='ocrx_word' id='word_1_216' title='bbox 1077 4449 1197 4492; x_wconf 77' lang='lat' dir='ltr'><strong>serena„</strong></span> 
     </span>
     <span class='ocr_line' id='line_1_38' title="bbox 469 4530 1272 4616; baseline -0.006 -17"><span class='ocrx_word' id='word_1_217' title='bbox 469 4536 536 4599; x_wconf 91' lang='lat' dir='ltr'><strong>Hic</strong></span> <span class='ocrx_word' id='word_1_218' title='bbox 552 4545 620 4598; x_wconf 84' lang='lat' dir='ltr'><strong>erat</strong></span> <span class='ocrx_word' id='word_1_219' title='bbox 633 4533 778 4616; x_wconf 88' lang='lat' dir='ltr'><strong>egregius</strong></span> <span class='ocrx_word' id='word_1_220' title='bbox 793 4531 906 4595; x_wconf 89' lang='lat' dir='ltr'><strong>doctor</strong></span> <span class='ocrx_word' id='word_1_221' title='bbox 920 4530 1095 4614; x_wconf 86' lang='lat' dir='ltr'><strong>mundique</strong></span> <span class='ocrx_word' id='word_1_222' title='bbox 1112 4530 1272 4613; x_wconf 85' lang='lat' dir='ltr'><strong>magister,</strong></span> 
     </span>
    </p>
   </div>
   <div class='ocr_carea' id='block_1_5' title="bbox 0 0 1884 5425">
    <p class='ocr_par' dir='ltr' id='par_1_5' title="bbox 0 0 1884 5425">
     <span class='ocr_line' id='line_1_39' title="bbox 0 0 1884 5425; baseline 0 5"><span class='ocrx_word' id='word_1_223' title='bbox 0 0 1884 5425; x_wconf 95' lang='lat' dir='ltr'><strong> </strong></span> 
     </span>
    </p>
   </div>
  </div>
 </body>
</html>
