3759 5425
661 749 706 794 DB
723 751 885 798 LAUDlBUS
900 751 1080 798 vruornutt.

451 899 590 983 Carpere
604 923 671 966 nou
686 904 797 986 cupiat
812 907 981 989 strophoso
996 907 1115 990 pagina
1125 908 1207 970 rictu
1219 930 1226 969 :

448 1001 628 1067 Praesertim
643 1007 784 1090 autiquae
799 1029 872 1072 eum
888 1020 994 1074 narret
1007 1010 1099 1074 litera
1113 1010 1207 1092 legis,

448 1105 609 1170 Illustrem
621 1120 727 1192 patres
741 1110 837 1176 vitam
853 1112 987 1178 duxisse
1002 1113 1133 1198 priores,

448 1206 511 1278 Qui
527 1220 661 1274 ventura
674 1213 738 1276 Dei
753 1226 980 1300 prompserunt
995 1218 1123 1282 flamine
1140 1227 1251 1281 sancto

448 1307 544 1391 Dona
558 1313 706 1378 salutaris
720 1315 798 1380 dum
814 1318 961 1384 Christus
976 1322 1064 1385 secla
1078 1319 1195 1396 beavit.

481 1411 587 1476 'Elias
598 1425 697 1493 rates,
712 1437 808 1499 quem
825 1427 907 1483 tetra
921 1421 1087 1484 volumina
1101 1439 1210 1500 regum

450 1513 615 1597 Insignem
629 1532 808 1584 memorant
822 1522 973 1586 virtutum
989 1523 1099 1586 tenuia
1114 1523 1238 1599 fretum,

447 1613 545 1696 Virgo
560 1638 650 1681 sacer
663 1619 765 1684 suerat
780 1622 863 1687 fama
877 1644 935 1707 per
950 1623 1067 1688 saeoula
1082 1634 1186 1688 notus.

448 1713 598 1782 Flumina
611 1733 806 1806 quapropter
819 1724 910 1788 terris
924 1723 1077 1788 miracula
1091 1725 1193 1806 gessit
1208 1748 1216 1800 ;

449 1819 553 1900 Atque
566 1841 685 1886 areana
699 1822 764 1886 Dei
779 1824 884 1888 verbis
898 1825 1029 1890 oracula
1043 1827 1212 1909 prompsit,

440 1918 521 1990 Quae
535 1922 636 1987 series
648 1925 723 1988 libri
736 1927 919 2009 promulgat
932 1927 1050 1992 famine
1066 1928 1162 1992 claro.

446 2021 531 2084 Nam
548 2024 694 2105 geminos
708 2026 871 2109 quondam
887 2028 1011 2092 eaeleati
1024 2028 1156 2092 fulmine
1171 2031 1280 2109 fretus,

444 2121 591 2187 Jusserat
604 2145 729 2190 arsuros
744 2128 890 2192 flammas
904 2129 1041 2212 persone
1055 2131 1213 2209 focorum,

445 2221 715 2291 Penteootarchos
730 2237 828 2312 atque
843 2229 937 2308 riroa,
951 2231 993 2294 ad
1007 2232 1120 2296 sunere
1130 2240 1264 2296 centum

444 2323 593 2392 Tmserat
607 2329 780 2412 implentes
794 2331 911 2414 pariter
924 2343 1088 2417 precepta
1103 2333 1237 2415 tyranni.

444 2431 571 2515 Quique
585 2433 816 2515 quaterdenis,
831 2446 864 2499 et
878 2434 964 2499 binis
979 2435 1144 2498 mensibus
1159 2435 1250 2512 setis,

445 2532 633 2596 Astriserum
647 2533 763 2598 clausit
777 2534 934 2618 quadrato
952 2533 1080 2600 cardine
1096 2536 1225 2608 ooelum,

445 2631 564 2696 Aridus
578 2643 615 2696 ut
629 2635 728 2698 nullia
742 2647 862 2700 roraret
875 2636 1018 2700 nubibus
1033 2635 1142 2700 aether.

446 2738 555 2822 Atque
570 2748 761 2820 negarentur
771 2740 885 2804 latices
899 2740 1109 2803 morientibus
1123 2738 1242 2817 herbis,

446 2836 517 2900 Nec
533 2836 644 2901 sitiens
660 2846 784 2921 pratum
800 2850 930 2921 caperet
942 2836 1116 2901 nutrimina
1130 2836 1283 2921 lymphas.

445 2937 538 3002 Tune
554 2939 670 3002 iterum
686 2950 767 3003 nutu
781 2941 962 3004 nimborum
977 2938 1145 3012 obstacula
1158 2938 1252 3023 rupit,

446 3040 491 3103 Ut
505 3042 642 3105 fluerent
656 3041 775 3104 imbres
788 3040 928 3103 ubertim
943 3060 983 3105 ex
1001 3040 1120 3105 retbere
1135 3038 1236 3117 firrvo,

447 3138 605 3203 Gliseeret
618 3153 651 3203 et
665 3160 772 3203 mrsus
786 3140 937 3205 soeeundo
952 3141 1092 3223 germine
1108 3141 1214 3218 tellus,

446 3241 568 3305 Pabula
583 3241 685 3305 densa
699 3241 802 3305 serens
817 3242 912 3324 vulgo
927 3242 1132 3307 vernantibus
1147 3242 1239 3307 arvis.

446 3342 572 3406 Arbiter
586 3355 724 3407 aeternus
739 3364 836 3429 quem
844 3342 944 3428 jussit
957 3343 1109 3408 scandere
1124 3344 1208 3427 bigis

447 3442 551 3506 Aurea
566 3444 718 3507 ooelorum
735 3453 956 3526 penetrantem
972 3444 1112 3507 culmina
1128 3454 1230 3508 ratem

447 3544 566 3629 Sospes
581 3544 638 3629 qui
652 3566 819 3629 nunquam
834 3544 932 3608 sensit
947 3544 1134 3609 discrimina
1147 3545 1269 3607 mortis.

448 3646 571 3713 Caetera
584 3668 643 3733 per
656 3646 815 3711 mundum
830 3668 891 3711 eeu
905 3647 1003 3729 gessit
1018 3648 1110 3709 turba
1124 3654 1305 3729 parentum,

447 3748 551 3831 Atque
566 3748 742 3811 futurorum
759 3757 887 3829 gestura
898 3757 947 3809 est
962 3745 1055 3808 turba
1069 3758 1233 3828 nepotum,

447 3848 511 3912 Sed
526 3860 637 3913 manet
650 3848 686 3911 in
698 3848 831 3933 templis
844 3845 984 3932 paradisi
1000 3846 1154 3911 hactenus
1168 3848 1271 3911 beros.

492 3950 624 4014 Heliam
639 3950 726 4028 colit,
740 3964 777 4013 ut
791 3948 916 4033 superis
930 3948 965 4011 in
980 3946 1112 4012 sedibus
1127 3948 1278 4025 Henocb,

447 4051 549 4124 Quem
565 4052 673 4135 rapuit
688 4051 852 4135 quondam
867 4050 978 4115 divina
992 4050 1138 4134 potentia
1154 4052 1238 4126 coeli,

447 4152 568 4217 Lurida
582 4174 625 4216 ne
640 4152 751 4217 mundi
765 4164 926 4237 peteretur
940 4151 1061 4215 damna
1074 4151 1214 4215 nefandi.

448 4254 574 4320 ldoiroo
590 4257 686 4319 simul
700 4257 743 4321 ad
756 4256 835 4321 belli
851 4256 1026 4321 certamina
1041 4253 1140 4318 cruda
1309 4324 1312 4331 ,

445 4357 566 4423 Contra
580 4357 803 4423 antichristum
819 4365 947 4439 gestant
961 4357 1080 4421 vexilla
1095 4355 1245 4420 tonantis.

447 4458 563 4523 Omnia
578 4460 618 4523 de
635 4460 735 4543 nigris
749 4468 943 4544 consurgent
957 4478 1092 4542 corpora
1105 4458 1209 4523 bustis

449 4560 576 4626 Clausae
591 4583 650 4645 per
665 4583 798 4646 campos
812 4573 844 4626 et
857 4562 976 4625 tumbae
992 4571 1106 4645 sponte
1122 4572 1300 4645 patescunt,
