3759 5425
457 659 519 721 1³6

765 677 809 722 ult
824 675 992 721 munibus
1006 675 1188 723 vincutum.

545 826 572 893 C
595 827 669 912 ujus
683 850 740 914 per
753 830 910 894 mundum
920 831 1020 914 jubar
1034 831 1099 896 alto
1114 829 1264 913 splendet
1277 829 1318 891 ab
1334 849 1378 891 ax
1434 827 1463 889 E

543 930 573 992 A
597 938 676 1011 tque
690 931 783 1014 polos
797 933 915 1015 pariter
928 933 1032 1017 replet
1046 931 1222 995 vibramine
1236 930 1334 993 fulme
1431 927 1464 992 N

541 1031 574 1092 R
595 1051 638 1093 ex
653 1052 765 1112 regum
774 1041 807 1095 et
816 1031 968 1115 princeps
977 1032 1169 1116 populorum
1179 1029 1286 1092 dictus
1298 1028 1338 1093 ab
1351 1049 1399 1090 sev
1433 1027 1463 1090 0

545 1131 583 1194 M
600 1152 701 1212 agnus
716 1131 757 1197 de
771 1154 901 1215 magno,
915 1131 956 1196 de
967 1154 1072 1196 rerum
1086 1132 1230 1214 regmine
1245 1143 1334 1195 recto
1431 1131 1464 1192 R

544 1233 561 1296 1
597 1235 676 1298 llum
689 1256 750 1300 nec
764 1247 865 1314 terroe,
879 1256 941 1298 nec
957 1245 1093 1319 possunt
1106 1235 1236 1314 cingere
1252 1233 1315 1296 coel

544 1337 577 1398 N
595 1357 633 1401 ec
648 1358 734 1401 mare
748 1339 935 1422 navigerum
950 1357 1102 1422 spumoso
1118 1337 1243 1418 gurgite
1258 1335 1342 1398 valla

542 1439 572 1501 A
596 1449 633 1502 ut
647 1459 740 1504 zonae
754 1439 879 1519 mundi,
894 1461 968 1523 quae
983 1439 1104 1522 stipant
1118 1437 1237 1501 aethera
1251 1437 1318 1499 cels

542 1539 570 1602 C
593 1539 730 1604 laromm
746 1542 855 1617 vitam,
869 1541 925 1625 qui
943 1541 1039 1604 castis
1052 1539 1197 1603 moribus
1212 1537 1266 1600 isti

541 1644 571 1704 A
596 1641 752 1705 uxiliantc
768 1645 841 1706 Deo
857 1643 1032 1706 vernabant
1046 1641 1123 1704 flore
1137 1659 1260 1722 perenn

542 1742 566 1805 S
594 1742 698 1805 auctis
711 1741 879 1824 aggrediar
891 1741 1008 1806 studiis
1022 1742 1148 1806 edicere
1162 1761 1270 1825 paupe

541 1841 572 1904 T
592 1852 669 1907 anta
681 1855 789 1907 tamen
805 1843 902 1927 digne
918 1845 946 1908 si
960 1865 1085 1928 pauper
1097 1843 1230 1926 praemia
1243 1841 1345 1926 proda

540 1944 570 2007 O
592 1945 679 2008 mnia
692 1966 766 2009 cum
781 1947 890 2009 nullus
903 1946 1008 2008 verbis
1023 1945 1177 2028 explanet
1191 1955 1281 2027 apert

542 2044 566 2109 S
595 2056 684 2111 otsac
701 2047 858 2111 animract
873 2047 1017 2130 Nemorp
1033 2047 1271 2110 Cnunscnorita
1285 2047 1363 2110 cirta

1429 1233 1463 2006 mfflwm0>aem

1410 2047 1448 2109 Ξ

890 2313 1063 2331 m

539 2522 807 2604 omnipotentens
821 2519 946 2603 genitor
960 2518 1115 2583 mundum
1131 2517 1251 2582 ditione
1266 2517 1459 2600 gubernans.

539 2624 666 2689 Lucida
680 2621 832 2704 stelligeri
846 2623 904 2706 qui
918 2621 1033 2686 condis
1048 2621 1190 2685 culmina
1205 2621 1291 2698 coeli,

538 2727 609 2790 Nec
626 2748 691 2790 uon
706 2725 827 2789 telluris
841 2726 959 2788 formas
974 2722 1162 2787 fundamina
1176 2724 1290 2786 verbo:

540 2828 667 2893 Pallida
681 2847 840 2911 purpureo
856 2826 963 2911 pingis
977 2826 1034 2910 qui
1048 2827 1125 2889 flore
1140 2826 1279 2889 virecta:

539 2933 594 2997 Sic
610 2950 740 3015 quoque
755 2929 920 3010 fluctivagi
934 2928 1076 2993 refrenas
1090 2928 1208 2991 caerula
1221 2927 1325 3011 ponti,

537 3035 684 3114 Mergere
698 3051 740 3094 ne
755 3031 884 3093 valeant
897 3043 1049 3095 terrarum
1063 3031 1171 3093 littora
1185 3028 1337 3113 lymphis,

538 3134 603 3201 Sed
618 3132 757 3197 tumidos
772 3132 921 3213 frangant
934 3130 1054 3197 fluctus
1067 3133 1234 3196 obstacula
1248 3131 1356 3214 rupis:

537 3241 692 3304 Arvorum
709 3231 816 3315 gelido
830 3234 887 3317 qui
902 3235 1010 3298 cultus
1025 3234 1111 3298 sonte
1122 3233 1252 3314 rigabis,

536 3340 582 3405 Et
596 3348 738 3419 segetum
754 3337 878 3418 glumas
892 3337 1050 3402 nimbosis
1064 3337 1221 3401 imbribus
1235 3356 1344 3417 auges,

537 3440 601 3514 Qui
614 3437 754 3502 latebras
768 3434 881 3500 mundi
897 3436 1057 3517 geminato
1073 3435 1176 3500 sidere
1191 3436 1314 3513 demis3

536 3542 664 3622 Nempe
679 3536 778 3601 Diem
793 3537 901 3615 Titan,
916 3547 949 3602 et
962 3548 1092 3602 noctem
1107 3537 1249 3621 Cynthia
1264 3536 1369 3601 comit.

536 3640 685 3705 Piscibus
700 3658 866 3721 aequoreos
880 3639 937 3720 qui
953 3659 1085 3724 campos
1099 3638 1276 3722 pinguibus
1292 3657 1397 3714 ornas,

536 3741 760 3828 Squamigeras
774 3739 914 3802 formans
928 3738 963 3801 in
979 3740 1096 3821 glauco
1112 3738 1236 3822 gurgite
1252 3750 1389 3801 turmas:

535 3841 688 3926 limpida
701 3840 896 3925 praepetibus
911 3838 958 3903 sic
974 3841 1119 3924 comples
1135 3860 1198 3903 sera
1212 3838 1355 3915 catervis,

535 3944 672 4010 Garrula
686 3960 757 4025 quae
771 3940 881 4004 rostris
895 3950 1080 4005 resonantes
1094 3942 1220 4004 cantica
1234 3937 1367 4023 pipant:

536 4050 642 4130 Atque
657 4054 833 4107 creatorem
848 4040 973 4104 diversa
987 4062 1064 4106 voce
1081 4043 1227 4106 fatentur.

535 4149 590 4211 Da
603 4147 677 4229 pius
692 4142 859 4221 auxilium,
873 4144 1025 4221 clemens,
1040 4151 1077 4207 ut
1090 4143 1230 4207 carmine
1246 4144 1367 4227 possim

532 4250 662 4331 Inclyta
675 4255 856 4310 sanctorum
872 4243 1030 4308 modulari
1045 4253 1135 4327 gesta
1149 4246 1308 4327 priorum:

534 4350 582 4414 Ut
595 4347 685 4432 prius
699 4360 733 4411 et
746 4367 842 4431 prosa
854 4345 1009 4410 laudabat
1023 4346 1116 4411 litera
1130 4356 1247 4425 castos,

534 4451 570 4515 si
585 4447 682 4512 modo
697 4448 857 4511 heroicam
872 4448 1065 4531 stipulentur
1079 4448 1223 4512 carmina
1237 4447 1375 4513 laudem.
