3759 5425
764 709 808 755 ΒΕ
823 707 989 756 muninus
1003 707 1180 756 vmutnurt.

535 861 606 924 Neo
621 877 729 926 tamen
741 863 865 926 exultat
878 882 981 926 saevus
995 860 1036 925 de
1051 871 1152 925 morte
1167 871 1329 944 tyrannus.

533 962 566 1026 N
567 983 605 1026 ee
619 973 758 1046 gratatur
771 983 871 1028 orans
884 983 970 1026 caesa
983 981 1041 1046 pro
1055 962 1175 1045 virgine
1190 961 1311 1027 Christi
1324 984 1331 1023 :

536 1063 601 1127 Sed
616 1063 711 1128 sicae
725 1063 820 1128 nexis
835 1063 1034 1144 stringebant
1048 1064 1132 1126 colla
1146 1064 1282 1140 eatenis,

534 1165 675 1230 Nodatis
689 1166 803 1230 merito
817 1173 986 1228 nectentes
1000 1164 1134 1229 brachia
1148 1164 1282 1228 vinclis:

418 1249 427 1268 ’
533 1266 589 1330 Sic
603 1287 676 1331 reus
690 1266 821 1331 advenit
834 1268 1014 1330 Romanam
1030 1265 1153 1329 Consul
1168 1265 1211 1329 ad
1225 1267 1348 1337 urbem,

534 1368 581 1430 Ut
596 1367 738 1431 vindicta
751 1367 855 1449 gravis
867 1386 988 1431 noxam
1004 1366 1132 1449 puniret
1144 1365 1312 1442 inormem,

533 1470 623 1533 Dum
637 1489 731 1534 cruor
744 1469 890 1543 insontia,
906 1489 980 1532 eum
996 1468 1098 1532 sontis
1113 1467 1269 1549 sanguine
1284 1468 1365 1544 fuso,

533 1570 760 1634 Ulciscebatur
773 1569 869 1652 digne
882 1589 941 1652 pro
956 1569 1075 1632 talibus
1088 1569 1184 1632 ausis.

578 1670 632 1733 Sic
647 1691 777 1753 quoquo
792 1669 952 1734 lustinum
968 1669 1156 1732 modulabor
1168 1668 1309 1733 carmina
1323 1677 1455 1746 castam,

534 1773 640 1834 Aurea
654 1770 795 1852 virgineo
810 1771 985 1834 lucrantem
1001 1790 1101 1852 regna
1114 1769 1248 1853 pudore,

534 1872 614 1944 Quae
629 1882 754 1936 tenena
768 1871 828 1934 tori
843 1870 981 1954 disrupit
996 1871 1101 1933 vincla
1109 1870 1242 1955 jugalis,

532 1973 663 2037 Florida
677 1972 845 2037 mandanae
860 1974 989 2037 calcans
1003 1972 1195 2037 commercia
1207 1971 1290 2035 vitre.

532 2071 622 2135 Huic
636 2088 755 2155 procus
768 2072 901 2135 illustris
915 2093 1013 2157 pravo
1029 2093 1203 2136 succensus
1217 2091 1334 2148 amore,

532 2174 672 2238 Nectere
687 2195 753 2236 non
769 2185 875 2238 cessat
888 2176 1055 2238 verborum
1070 2175 1150 2237 retia
1163 2173 1295 2236 frustra:

535 2275 581 2339 Ut
594 2275 657 2338 sibi
672 2276 752 2339 forte
766 2275 846 2339 foret
861 2276 979 2341 dotalis
994 2277 1082 2358 uirgo
1096 2295 1152 2358 per
1167 2295 1280 2350 aarum,

534 2376 588 2440 De
603 2397 667 2459 qua
680 2377 849 2460 posteritas
863 2387 950 2439 esset
964 2387 1094 2440 ventura
1108 2385 1273 2458 nepotum.

535 2476 599 2541 Sed
615 2499 689 2542 cum
705 2477 767 2540 tale
782 2477 872 2540 nefas
886 2489 1025 2558 gestaret
1038 2489 1144 2540 mente
1158 2477 1327 2556 malignus,

534 2580 604 2642 Nec
620 2589 726 2642 tamen
741 2578 901 2641 insontem
916 2589 1026 2659 posset
1039 2589 1215 2660 pervertere
1230 2577 1339 2652 fallax,

534 2681 675 2764 Virginis
689 2690 744 2745 aut
759 2679 856 2743 fibras
872 2678 973 2743 coecis
987 2677 1159 2743 incendere
1174 2677 1321 2750 flammis,

534 2782 658 2845 Nititur
671 2781 829 2861 egregiam
845 2778 979 2859 magicis
993 2780 1153 2842 maculare
1170 2778 1311 2841 venenis.

532 2878 628 2940 Tunc
643 2878 785 2939 famosus
799 2886 866 2939 erat
880 2875 1059 2958 Cyprianus
1075 2876 1185 2939 fraude
1199 2878 1329 2958 nugaci,

534 2978 660 3039 Doctus
674 2976 708 3037 in
724 2974 881 3039 horrenda
895 2977 1119 3039 sceleratorum
1135 2988 1200 3040 arte
1216 2997 1389 3059 magorum,

533 3077 597 3150 Qui
611 3088 689 3139 tunc
704 3076 858 3139 auxilium
875 3078 1056 3160 spondebat
1070 3079 1147 3142 ferre
1162 3079 1284 3163 petenti

532 3177 674 3241 Plurima
687 3176 918 3240 schematisans
932 3198 1032 3241 sacrae
1050 3179 1213 3242 molimina
1229 3179 1339 3253 manti,

533 3282 573 3343 ln
589 3288 722 3354 tautum,
735 3286 771 3339 ut
785 3274 863 3339 diris
878 3290 1011 3342 certaret
1026 3278 1181 3344 daemonis
1195 3280 1299 3343 aruris.

534 3381 615 3453 Quae
630 3400 743 3460 magus
758 3378 886 3442 assidue
901 3380 1090 3465 strophosus
1104 3382 1191 3444 misit
1205 3380 1246 3443 ad
1262 3382 1388 3457 almam,

533 3482 580 3544 Ut
592 3480 648 3564 pia
660 3480 823 3564 pulsarent
837 3479 975 3543 stimulis
990 3480 1166 3562 praecordia
1180 3482 1291 3565 stupri.

534 3581 599 3647 Sed
614 3603 687 3645 curn
703 3582 790 3663 virgo
807 3582 870 3644 Dei
884 3582 1057 3665 sprevisset
1070 3580 1181 3646 frivola
1196 3583 1321 3647 carnis:

534 3682 655 3747 Lurida
669 3693 819 3746 tetrorum
834 3682 1038 3764 confringens
1052 3684 1116 3747 tela
1130 3685 1299 3759 latronum,

533 3784 679 3850 Credidit
692 3784 896 3847 altithronum
911 3786 1084 3849 salvantem
1100 3786 1219 3848 saecula
1235 3784 1406 3857 Christum,

532 3884 585 3947 Ad
599 3884 774 3947 Dominum
789 3892 858 3947 tota
870 3906 1043 3949 conversus
1057 3899 1162 3950 mente
1177 3882 1293 3962 fidelis,

533 3981 687 4046 Paenituit
700 3980 830 4045 tandem
844 4004 958 4065 magus
971 3982 1058 4048 idola
1073 4005 1189 4069 spurca
1202 3985 1397 4068 relinquens,

533 4086 699 4167 Expertus
715 4083 803 4164 virgo
818 4084 897 4166 quid
912 4094 1022 4167 posset
1036 4086 1114 4149 serre
1131 4086 1255 4168 pericli,

534 4188 616 4260 erae
630 4207 797 4269 nunquam
811 4187 910 4249 valuit
925 4190 1066 4271 superari
1084 4191 1169 4253 mille
1184 4188 1322 4253 nocendi

532 4288 674 4364 Artibus,
689 4287 801 4350 incerti
817 4287 875 4350 sed
890 4288 972 4370 fugit
986 4290 1106 4352 crimen
1124 4290 1278 4373 iniquum.

533 4388 695 4451 Posthac
709 4388 842 4469 imperio
857 4402 982 4469 regeret
997 4412 1070 4453 cum
1086 4390 1243 4455 Claudius
1258 4391 1378 4467 orbem,

534 4486 657 4568 impius
673 4486 787 4551 edictis
803 4496 930 4551 sanctos
946 4490 1129 4555 crudelibus
1143 4511 1270 4571 urgens,
