3759 5425
556 741 599 786 ET
616 741 792 790 DUODECIM
808 745 983 790 arosrous
1001 746 1184 794 cumcurm.
1364 737 1423 796 ΝΒ

389 973 400 988 ·
460 892 569 958 Trusit
582 895 617 957 in
631 896 766 960 exilium
784 901 899 982 cymba
912 910 1000 964 hans
1015 903 1133 965 caerula
1147 913 1284 980 vectum,

460 996 549 1061 Exul
564 1019 629 1082 qua
642 1000 769 1084 positus
782 1022 887 1065 rerum
902 1005 1090 1086 spectacula
1100 1006 1202 1089 plura,

460 1097 570 1163 Crevit
582 1099 617 1161 in
632 1102 736 1165 extasi
752 1103 873 1166 caelesti
886 1104 1018 1168 numine
1035 1105 1143 1170 fretus.

462 1199 543 1271 Quae
557 1198 657 1262 modo
672 1201 865 1264 membranis
879 1223 938 1285 per
952 1203 1108 1267 mundum
1123 1204 1242 1288 scripta
1255 1206 1415 1288 leguntur,

460 1301 642 1385 Pausatque
656 1303 765 1367 effoeto
779 1304 931 1386 praelatus
946 1325 1079 1388 corpore
1094 1306 1224 1389 praesul,

460 1401 595 1466 Praemia
610 1411 795 1487 sumpturus
809 1425 884 1468 cum
899 1405 1027 1488 clanget
1042 1406 1178 1470 classica
1191 1407 1330 1492 salpinx.

461 1503 585 1568 Ultima
600 1503 676 1568 dum
692 1505 807 1588 priscis
822 1508 974 1571 labuntur
989 1517 1133 1592 tempora
1148 1509 1262 1572 sraelis.

862 1953 937 2016 VII.

463 2111 528 2176 Hic
543 2111 686 2175 Thomas
701 2110 874 2195 Didymus,
888 2133 1008 2178 nomen
1024 2116 1154 2180 sortitus
1168 2116 1336 2196 Achivum,

461 2214 572 2277 Servat
586 2224 745 2277 sacratum
760 2224 845 2276 sarta
859 2213 1021 2278 testudine
1036 2217 1203 2300 templum,

459 2316 601 2379 Vulnera
615 2317 672 2400 qui
686 2327 821 2398 tangens
834 2316 957 2380 crudeli
973 2317 1107 2401 cuspide
1123 2327 1213 2400 gesta

461 2415 604 2480 Credidit
618 2417 781 2501 extemplo
796 2418 971 2481 salvantem
987 2419 1083 2482 saecla
1097 2419 1325 2484 monarchum:

459 2518 615 2593 Quamvis
629 2529 702 2583 ante
717 2520 800 2584 foret
814 2520 911 2584 sociis
924 2519 1111 2584 incredulus
1126 2520 1228 2597 almis,

459 2623 563 2706 Atque
578 2621 676 2686 fidem
692 2621 793 2686 dubio
808 2631 950 2704 gestaret
964 2619 1060 2684 corde
1076 2620 1248 2698 sinistram,

458 2724 546 2789 Dum
562 2726 663 2789 chaos
676 2724 794 2787 inferni
809 2743 943 2805 surgens
957 2722 999 2785 de
1014 2734 1112 2785 morte
1128 2722 1327 2808 Redemptor

459 2824 637 2909 Linqueret
650 2826 831 2889 abstrusum
846 2832 936 2887 vasta
951 2823 1123 2889 comitante
1139 2834 1278 2903 caterva,

460 2927 525 2991 Sed
540 2948 620 2991 mox
634 2927 820 3007 ambiguum
835 2926 995 2991 convertit
1009 2927 1102 2991 rubra
1118 2926 1264 3006 cicatrix,

461 3029 632 3112 Discipulo
646 3029 798 3111 palpante
814 3027 912 3091 trucis
927 3028 1118 3092 vulnuscula
1132 3029 1217 3107 ferri,

457 3130 545 3194 Dum
559 3130 681 3193 foribus
695 3129 815 3193 clausis
829 3128 992 3212 trepidans
1008 3150 1073 3214 qua
1086 3132 1182 3193 turba
1194 3132 1315 3195 latebat

458 3232 583 3295 Pacifer
596 3232 727 3295 intraret
741 3230 890 3295 Christus
906 3231 1050 3295 Salvator
1063 3232 1096 3295 iu
1112 3234 1228 3297 aulam.

460 3334 559 3396 Hunc
571 3332 668 3415 igitur
682 3332 809 3395 soboles
823 3332 911 3395 misit
925 3333 1106 3398 veneranda
1120 3333 1277 3398 Tonantis

459 3434 545 3497 Evas
560 3447 674 3515 gentes
689 3433 782 3496 almis
797 3445 980 3497 convertere
994 3435 1102 3513 biblis,

457 3536 599 3599 Plurima
612 3534 794 3615 magnificis
807 3543 987 3619 patrantem
1002 3536 1095 3615 signa
1108 3533 1285 3617 triumphis.

458 3637 552 3701 India
567 3646 635 3699 tum
650 3635 750 3699 sacris
765 3636 865 3699 coluit
879 3636 1049 3699 simulacra
1063 3635 1210 3699 nefandis

459 3738 624 3803 Doctrinis
638 3749 778 3802 veterum
793 3737 919 3802 stolidis
934 3737 1089 3801 instructa
1103 3742 1283 3819 parentum,

458 3840 522 3904 Sed
539 3840 688 3904 confesse
703 3838 801 3903 fidem
815 3839 943 3903 Thoma
955 3839 1099 3901 lucrante
1114 3838 1249 3901 salutem

458 3940 604 4007 Credidit
617 3942 651 4005 in
667 3941 830 4005 Christum
845 3940 920 4003 coeli
935 3940 992 4023 qui
1008 3946 1135 4023 sceptra
1149 3940 1313 4022 gubernat.

457 4044 608 4128 Denique
623 4051 783 4107 trausacto
798 4043 965 4126 praesentis
979 4050 1122 4125 tempore
1137 4041 1212 4104 vitae

457 4146 611 4210 Protinus
625 4145 796 4209 aethereum
811 4145 955 4209 Thomas
968 4144 1114 4209 lustravit
1128 4144 1303 4226 Olympum

457 4248 563 4320 Quem
577 4247 644 4311 sani
658 4247 775 4310 flamen
791 4245 905 4310 veteris
920 4248 1085 4330 cultorque
1101 4244 1211 4309 sacelli

455 4349 621 4432 Sanguine
637 4358 794 4413 rorantem
810 4348 913 4429 rigida
927 4348 1160 4413 transverberat
1174 4367 1261 4423 ense,

455 4452 593 4517 Praernia
607 4463 808 4535 sumpturum
824 4470 898 4514 cum
913 4451 1008 4513 tellus
1023 4458 1138 4533 sponte
1156 4446 1310 4525 dehiscet,

457 4555 577 4619 Omnis
591 4554 631 4618 dc
648 4554 763 4637 priscis
778 4564 810 4617 et
825 4563 955 4633 surgent
970 4574 1106 4637 corpora
1121 4552 1248 4615 tumbis.
