3759 5425
442 718 484 776 68
802 731 1017 776 strumum
1036 729 1137 776 arnan

442 883 558 964 glorias
579 887 764 959 numerabo,
788 894 867 969 quot
888 896 923 946 tu
947 885 1114 947 violentias
1139 883 1335 965 irrogaveris,
1358 892 1407 946 tot
1431 903 1492 964 ego

443 985 583 1068 martyrii
610 998 762 1071 computo
788 989 922 1071 palmas.
967 988 1050 1050 Mox
1075 985 1250 1049 identidem
1275 987 1307 1050 in
1331 987 1493 1049 latebroso

443 1088 580 1172 carceris
598 1087 710 1166 fundo,
734 1090 790 1173 qui
813 1088 1051 1168 fumigabundis
1074 1087 1212 1152 foetentis
1236 1087 1305 1149 fimi
1326 1087 1493 1151 foetoribus

442 1187 602 1267 horrebat,
627 1204 746 1254 sanctae
771 1191 921 1273 Virgines
947 1189 1163 1265 includuntur,
1190 1189 1248 1252 sed
1274 1190 1364 1252 furva
1389 1189 1493 1271 caligo

442 1289 565 1353 coelesti
580 1291 749 1374 splendore
764 1293 899 1372 fugatur,
914 1304 947 1354 et
961 1291 1107 1374 putidum
1130 1292 1269 1354 letamen
1291 1291 1378 1353 velut
1396 1290 1489 1372 tymi·

444 1411 526 1465 ama,
541 1402 574 1456 et
588 1392 679 1457 nardi
693 1393 802 1476 pistici
816 1393 988 1474 fragrantia
1002 1391 1132 1456 redolet.
1164 1393 1288 1456 Rursus
1299 1393 1332 1453 in
1344 1391 1494 1455 ardentes

444 1489 637 1556 thermarum
668 1515 812 1576 vapores,
841 1515 914 1576 quae
949 1493 1116 1576 supposita
1143 1514 1318 1578 prunarum
1346 1492 1495 1574 congerie

444 1595 642 1657 torrebantur
676 1595 896 1670 inclementer,
927 1595 1043 1678 jactari
1073 1594 1280 1678 imperantur,
1309 1594 1366 1657 sed
1394 1593 1497 1658 illaesa

443 1695 657 1758 membrorum
672 1706 840 1759 venustate
856 1697 992 1778 sospites
1008 1718 1025 1759 e
1042 1696 1173 1760 thermis
1195 1695 1360 1760 emersisse
1383 1696 1494 1777 legun·

444 1803 513 1871 tur;
535 1817 646 1859 rerum
668 1804 801 1860 cruenta
823 1805 975 1859 tortorum
1000 1798 1150 1860 severitas
1174 1795 1348 1880 reciprocis
1370 1795 1496 1858 vicibus

444 1896 540 1959 toties
562 1896 641 1960 elisa
664 1906 697 1960 et
722 1897 892 1974 labefacta,
916 1918 978 1960 nec
1003 1897 1183 1974 mitescere,
1207 1918 1268 1960 nee
1292 1896 1496 1960 miserescere

443 1997 542 2059 novit.
587 1997 752 2080 Siquidem
775 1997 909 2060 famulas
924 1997 990 2061 Dei
1006 1997 1146 2079 ingentis
1166 1997 1291 2082 scopuli
1313 1997 1396 2061 mole
1418 2017 1495 2060 con·

444 2117 546 2159 nexas
567 2097 601 2158 in
624 2095 730 2159 medio
752 2098 889 2180 Tyberis
911 2099 1002 2161 alveo
1025 2100 1092 2161 sine
1114 2099 1327 2162 miserationis
1347 2105 1496 2181 respectu

445 2216 587 2276 mergere
605 2196 714 2281 jussit,
730 2195 787 2259 sed
802 2194 959 2259 undarum
982 2197 1121 2278 gurgites
1143 2194 1255 2260 dantes
1275 2195 1405 2277 gloriam
1421 2195 1496 2257 Deo

445 2299 487 2362 ab
502 2297 689 2361 infidelibus
710 2295 900 2377 denegatam
916 2307 1044 2360 sanctas
1060 2298 1208 2378 Virgines
1227 2297 1368 2381 riparum
1382 2295 1497 2375 margi·

446 2401 542 2464 nibus
571 2401 750 2464 incolumes
779 2400 959 2464 restituunt.
1006 2399 1101 2462 Unde
1129 2399 1262 2483 Satrapa
1283 2409 1372 2462 tanta
1393 2417 1497 2461 rerum

446 2502 592 2588 prodigia
611 2504 840 2587 obstupescens
860 2502 1010 2565 scribitur
1030 2501 1160 2564 dixisse.
1206 2503 1281 2564 lstae
1297 2512 1351 2564 aut
1366 2501 1499 2581 Magica

446 2616 512 2668 arte
533 2625 594 2668 nos
615 2614 779 2687 superant,
793 2614 848 2666 aut
862 2602 1061 2684 Virginitatis
1082 2603 1116 2664 in
1139 2603 1185 2664 eis
1208 2603 1356 2664 sanctitas
1377 2610 1497 2682 regnat.

448 2708 615 2772 Postremo
639 2706 808 2790 capitalem
832 2705 950 2768 sortitae
977 2705 1169 2767 sententiam
1189 2703 1353 2785 Angelicis
1378 2712 1497 2766 eveetae

446 2808 582 2871 catervis
597 2828 670 2870 curn
686 2807 807 2870 vexillo
822 2805 1022 2887 virginitatis
1037 2804 1079 2868 ad
1094 2804 1168 2867 coeli
1185 2804 1301 2887 sydera
1314 2802 1483 2868 scandunt.

487 2911 563 2972 Lll.
583 2910 654 2972 Nec
665 2907 889 2991 pretereunda
899 2928 1018 2971 censeo
1035 2919 1214 2970 sanctarum
1227 2906 1396 2987 Virginum
1408 2906 1497 2968 Ana-

429 3010 553 3073 'tholiae
576 3021 608 3071 et
630 3008 782 3071 Victoria
807 3010 981 3092 praeconia,
1008 3032 1141 3094 quamm
1168 3030 1309 3074 rumores
1336 3020 1368 3072 et
1391 3009 1497 3094 prodi-

443 3112 566 3192 giorum
596 3109 762 3191 pririlegia
786 3132 844 3193 per
869 3119 954 3175 totos
979 3111 1091 3176 mundi
1121 3112 1267 3177 cardines
1296 3113 1499 3194 longiuscule

445 3212 661 3286 crebrescunt,
676 3208 753 3272 dum
769 3210 936 3275 scedarum
955 3213 1102 3297 apicibus
1125 3213 1254 3298 quando
1275 3222 1399 3277 rotante
1420 3214 1499 3277 anni

445 3312 565 3375 circulo
587 3311 733 3375 natalitia
753 3312 926 3377 earundem
945 3316 1106 3379 Catholici
1130 3318 1291 3379 celebrant
1311 3316 1345 3378 in
1368 3315 1498 3399 pulpito

445 3414 603 3478 Ecclesiae
619 3414 802 3477 recitantur.
847 3416 950 3495 Igitur
963 3430 1115 3499 regnante
1132 3418 1238 3481 Decio
1258 3417 1386 3502 quando
1407 3418 1499 3481 effre·

446 3527 521 3581 nata
535 3528 688 3580 tortorum
703 3515 863 3595 ferocitas,
878 3528 991 3581 contra
1010 3519 1180 3583 bellatores
1195 3518 1313 3582 Christi
1329 3518 1501 3583 crudeliter

446 3618 577 3692 exarsit,
608 3616 778 3701 praedictas
810 3616 958 3700 Virgines
994 3620 1083 3683 nulla
1113 3632 1351 3702 persecutomm
1384 3621 1500 3697 rabies,

449 3721 538 3783 nulla
566 3740 734 3802 poenarnm
763 3719 921 3783 acerbitas
948 3722 989 3783 ab
1015 3721 1201 3803 integritatis
1229 3742 1302 3785 aree
1331 3720 1499 3785 detrudere

448 3822 626 3896 valuerunt,
650 3817 705 3882 sed
730 3840 824 3883 ornne
851 3820 1075 3903 patrimonium
1099 3831 1130 3884 et
1152 3832 1408 3885 ornamentorum
1431 3822 1500 3903 glo·

447 3920 526 3983 riam
555 3930 620 3982 tam
647 3918 877 3982 discriminalia
902 3920 1045 4002 capitum
1073 3930 1105 3983 et
1131 3918 1337 4003 periscelides
1363 3942 1500 4001 crurum,

448 4041 545 4105 quam
577 4020 776 4084 olfactoriola
804 4020 895 4083 nardi
924 4030 958 4083 et
987 4022 1163 4105 crepundia
1193 4024 1277 4085 collo
1308 4022 1501 4104 gemmiferis

448 4124 568 4187 lunulis
590 4122 775 4208 pendentia,
790 4122 831 4185 ad
847 4123 961 4206 stipem
986 4125 1106 4187 mansis
1129 4136 1162 4187 et
1182 4124 1404 4188 matriculariis
1424 4143 1500 4208 pro-

446 4226 522 4307 diga
550 4226 741 4289 liberalitate
771 4224 982 4287 contulerunt.
1032 4226 1104 4297 Quo
1135 4236 1298 4309 comperto
1328 4245 1499 4307 procorum

446 4323 621 4408 precordia
642 4323 822 4388 furibundis
841 4324 980 4388 vesanire
998 4326 1112 4389 faculis
1131 4327 1385 4390 inflammantur:
1409 4325 1498 4389 Dum

445 4424 582 4487 universi
606 4424 794 4487 facultatum
813 4421 944 4501 reditus,
962 4432 994 4486 et
1016 4426 1148 4507 eopiosa
1172 4436 1313 4509 quaestus
1337 4425 1498 4510 stipendia

444 4527 485 4590 ad
522 4526 656 4608 Agapen
690 4523 895 4606 pauperculis
932 4523 1191 4589 mendicantibus
1228 4526 1382 4605 venirent,
1420 4538 1495 4590 tune
