3759 5425
489 670 509 727 8
851 686 876 729 s.
892 684 1067 729 lunantur
1087 681 1187 727 traua

491 836 679 901 umbraculo
705 846 737 901 et
761 839 846 901 clare
870 848 1058 901 coruscante
1088 832 1259 916 Evangelii
1288 830 1389 913 gratia
1417 837 1543 893 tanturn

489 934 782 1017 interVirginitatis
797 938 891 1000 flores
906 948 939 1000 et
947 936 1125 1020 jugalitatis
1140 954 1244 997 mores
1258 933 1377 997 distare
1392 929 1545 1004 dicimus,

490 1046 645 1120 quantum
669 1038 766 1102 distat
788 1040 895 1102 oriens
917 1042 959 1103 ab
981 1059 1118 1103 occasu:
1149 1034 1246 1100 Unde
1269 1035 1401 1115 quidam
1420 1031 1543 1097 Catho-

488 1136 624 1201 licorum
641 1139 787 1204 floridam
804 1140 1002 1223 Virginitatis
1017 1138 1151 1221 gloriam
1165 1138 1347 1219 explanans
1367 1135 1407 1197 de
1420 1131 1543 1217 jugali·

489 1237 562 1300 tatis
591 1238 742 1321 stirpibus
773 1239 938 1303 oriundam
965 1241 1026 1302 sub
1052 1239 1154 1319 figura
1184 1237 1279 1319 tropi,
1304 1237 1349 1299 ita
1380 1236 1545 1313 eleganter

490 1358 643 1402 exorsus:
665 1341 749 1422 lego,
765 1341 881 1424 inquit,
896 1339 936 1402 de
956 1351 1037 1403 terra
1059 1360 1181 1417 aurum,
1196 1337 1237 1401 de
1256 1339 1349 1421 spine
1368 1357 1486 1412 rosam,
1500 1333 1543 1396 de

489 1442 615 1504 concha
630 1442 838 1523 margaritam.

534 1543 593 1605 IX.
617 1544 694 1605 Non
716 1544 803 1606 enim
824 1542 994 1628 splendida
1014 1543 1093 1607 meri
1115 1542 1238 1624 argenti
1260 1541 1386 1626 species
1408 1538 1544 1623 turpiter

490 1640 690 1721 deformatur,
702 1645 847 1729 qttamris
862 1646 1007 1709 obrizum
1024 1644 1182 1708 rutilantis
1196 1644 1263 1707 auri
1279 1642 1444 1706 metallum
1459 1660 1542 1723 prae-

489 1745 616 1808 feratur.
663 1747 779 1831 Neque
803 1748 969 1812 marmoris
991 1745 1121 1811 candidi
1144 1758 1293 1810 uenustas
1317 1743 1541 1807 detrimentum

490 1845 615 1910 decoris
640 1849 767 1932 patitur,
790 1870 861 1913 ctrm
890 1848 1057 1911 formosior
1078 1847 1222 1909 rubentis
1242 1866 1376 1928 gerumae
1399 1841 1542 1927 pulchri·

489 1949 567 2012 tudo
587 1949 778 2031 praedicetur
800 1964 854 2014 aut
875 1952 970 2013 lanea
988 1948 1118 2012 filorum
1137 1947 1283 2025 stamina,
1296 1968 1339 2009 ex
1354 1946 1495 2027 glomere
1510 1955 1544 2005 et

489 2052 672 2134 panniculis
689 2055 833 2116 revoluta
853 2053 1053 2135 negligenter
1067 2052 1235 2126 vilescunt,
1250 2050 1347 2112 etiam
1361 2049 1388 2112 si
1405 2048 1543 2129 bomby-

454 2158 457 2167 '
489 2148 597 2210 cinum
634 2170 782 2233 purpura
813 2152 947 2234 peplum
976 2161 1010 2213 et
1038 2150 1140 2213 serica
1168 2150 1402 2233 Imperatorum
1431 2149 1543 2211 trabea

489 2247 596 2330 potius
616 2248 780 2331 fulgescat.
827 2250 995 2335 Numquid
1016 2252 1101 2313 mala
1122 2250 1241 2333 punica
1262 2250 1346 2314 cittis
1367 2250 1542 2332 granisque

488 2350 676 2414 rubentibus
705 2353 818 2416 referta
843 2366 875 2417 et
900 2354 1018 2436 simplo
1046 2353 1200 2415 librorum
1226 2351 1367 2432 tegmine
1392 2363 1543 2414 contecta

489 2454 762 2535 contemptibilem
783 2466 904 2520 naturae
925 2454 1119 2520 columniam
1138 2454 1263 2538 perpeti
1285 2463 1447 2535 putantur,
1466 2453 1544 2515 licet

487 2553 659 2618 mellifluos
681 2557 828 2638 palmetis
848 2557 984 2621 dactilos
1004 2569 1036 2619 et
1054 2558 1190 2618 mulsum
1212 2554 1350 2617 nectaris
1365 2553 1541 2615 Nicolaum

487 2656 585 2738 louge
614 2656 906 2741 incomparabiliter
941 2669 1092 2741 praestare
1128 2653 1307 2732 credamus,
1335 2675 1541 2739 nequaquam

488 2759 609 2821 scabrae
639 2759 767 2822 incudis
794 2758 1006 2823 commoditas
1029 2780 1086 2822 seu
1111 2758 1215 2839 rigida
1240 2757 1404 2822 tundentis
1432 2757 1540 2820 mallei

489 2859 620 2922 durities
636 2861 686 2922 rel
701 2861 894 2941 rubiginosae
915 2860 1044 2945 forcipis
1064 2881 1103 2923 ac
1123 2859 1244 2922 forficis
1265 2861 1418 2923 tenacitas
1433 2875 1540 2943 spreta

490 2957 678 3040 despicitur.
723 2959 916 3045 Quanquam
931 2963 1081 3025 baltheus
1098 2961 1228 3024 bullifer
1242 2972 1275 3024 ct
1287 2959 1436 3025 diadema
1450 2965 1540 3044 regni

489 3081 527 3122 ac
554 3059 679 3122 diversa
701 3073 957 3126 ornamentorum
979 3061 1082 3144 gloria
1104 3082 1146 3125 cx
1168 3060 1284 3124 iisdem
1306 3061 1446 3144 praefatis
1468 3061 1540 3124 ferri

488 3161 709 3226 instrumentis
725 3165 872 3228 confecta
887 3176 919 3228 et
934 3165 1090 3229 fabricata
1103 3167 1296 3249 praeferatur.
1326 3166 1442 3249 Neque
1457 3175 1541 3228 teres

489 3262 608 3324 lunaris
623 3263 711 3342 globi
723 3263 862 3327 circulus
872 3264 1031 3349 jacturam
1042 3265 1180 3349 propriae
1195 3265 1443 3349 pulchritudinis
1457 3267 1538 3349 pati-

489 3373 549 3438 tur,
564 3363 642 3426 licet
654 3365 836 3428 luculentus
856 3364 1071 3450 limpidissimi
1087 3367 1165 3428 solis
1179 3365 1332 3449 splendor
1343 3366 1539 3450 triquadram

488 3466 602 3530 mundi
627 3478 728 3531 rotam
755 3469 871 3531 clarius
895 3469 1050 3531 illustrare
1080 3468 1237 3533 credatur.
1282 3469 1439 3554 Nunquid
1468 3492 1539 3555 pro·

488 3569 621 3633 fundum
633 3571 722 3652 putei
737 3570 875 3648 laticem,
887 3582 942 3633 aut
951 3568 1089 3651 gelidam
1103 3570 1248 3634 cisternas
1262 3570 1430 3654 limpham,
1441 3593 1539 3654 quam

489 3671 620 3748 anthlia,
643 3672 705 3734 hoc
729 3684 788 3748 est,
811 3682 876 3735 tota
898 3671 1072 3734 hauritoria
1093 3673 1326 3750 exanthlamus,
1348 3675 1438 3755 parri
1459 3696 1538 3757 pen·

489 3771 597 3835 denda
622 3783 789 3854 putamus:
822 3772 978 3845 Quamvis
1000 3772 1167 3854 reciproca
1188 3773 1350 3856 purissimi
1371 3774 1471 3838 fontis
1490 3797 1539 3838 re·

489 3869 666 3934 dundantia
695 3873 889 3953 praecellere,
914 3885 947 3935 et
974 3893 1089 3956 perpes
1119 3873 1356 3956 aqueductuum
1384 3873 1541 3941 decursus

490 3969 610 4032 crebris
637 3991 674 4032 ac
701 3971 796 4033 celsis
824 3993 955 4036 menum
982 3974 1158 4037 fornicibus
1179 3976 1213 4037 in
1235 3974 1321 4038 edito
1347 3976 1540 4042 sublimatus

489 4070 568 4133 tubo
597 4070 830 4152 cataractisque
860 4073 1045 4137 rorantibus
1072 4086 1222 4157 praestare
1249 4074 1437 4153 videantur,
1475 4100 1540 4143 non

489 4171 574 4234 enim
601 4173 691 4236 furva
714 4173 838 4237 voracis
863 4177 1015 4258 morgulae
1036 4176 1160 4240 factura
1180 4178 1395 4257 confunditur,
1416 4191 1451 4244 et
1472 4193 1541 4245 atra

490 4275 633 4358 corporis
662 4289 804 4340 creatura
837 4279 1061 4354 contemnitur,
1090 4279 1169 4342 licet
1196 4281 1369 4344 versicolor
1403 4285 1540 4365 pavonis

490 4377 592 4458 gloria
604 4377 695 4440 tereti
711 4377 900 4442 circulorum
914 4379 1106 4443 rotunditate
1121 4381 1295 4462 praecellat,
1310 4381 1402 4465 cujus
1421 4403 1538 4466 pennae

488 4475 693 4561 pulchritudo
714 4497 799 4540 nunc
821 4499 933 4542 crocea
952 4479 1106 4562 qualitate
1125 4480 1279 4558 flavescit,
1301 4493 1356 4546 aut
1376 4501 1537 4566 purpurea
