3759 5425
513 730 575 789 358
741 746 818 791 vrrs
833 745 1009 791 annuatur
1025 746 1159 793 rsnroro
1174 745 1339 792 suenone.

513 897 697 961 Monachus
711 898 871 983 siquidem
885 900 919 961 iu
935 900 1143 965 Meiduncusi
1157 901 1297 965 ecclesia
1311 898 1465 972 effectus,
1477 918 1576 979 qnam

515 999 723 1063 Eleutherius
738 1000 786 1063 vir
799 1001 957 1085 perlectus
972 1002 1173 1082 gubernabat
1186 1024 1245 1065 suo
1266 1000 1400 1065 studio:
1424 1000 1473 1063 ita
1497 1000 1578 1059 inter
1620 1017 1621 1086 p

514 1106 638 1162 ceteros
653 1100 715 1163 Dei
732 1102 866 1167 famulos
883 1102 928 1164 vir
949 1102 1010 1165 iste
1031 1104 1305 1175 commorabatur3
1328 1112 1368 1163 ut
1381 1119 1576 1183 quanquam

513 1200 677 1263 homiuum
707 1214 846 1265 uteretur
874 1203 1069 1286 aspectibus,
1098 1222 1227 1285 semper
1253 1214 1362 1265 mente
1400 1201 1576 1263 interesset

515 1301 639 1364 civibus
668 1304 872 1383 Angelorum.
917 1303 985 1366 Hic
1010 1314 1117 1367 autem
1146 1315 1307 1387 praecepta
1334 1299 1576 1365 trausoendeus
1620 1287 1621 1380 l

514 1403 679 1483 regularia,
705 1404 762 1467 tuli
787 1403 921 1468 modulo
944 1406 1112 1487 praesentis
1137 1406 1248 1469 saeculi
1271 1404 1476 1485 fungebatur
1499 1403 1575 1463 rita.
1620 1421 1621 1494 p

515 1503 602 1587 quod
618 1506 725 1568 omnia
740 1504 857 1569 decora
871 1506 942 1568 visu
957 1517 990 1570 et
1004 1504 1116 1569 auditu
1135 1504 1243 1569 dulcia
1263 1503 1364 1569 corde
1386 1503 1574 1567 castissimo
1620 1497 1621 1570 l

514 1604 732 1688 vilipenderet,
747 1608 842 1670 veluti
863 1608 1021 1691 perituras
1040 1608 1118 1672 soeni
1133 1608 1332 1691 quisquilias
1380 1606 1574 1669 Imitabatur

514 1706 567 1770 hic
592 1707 848 1789 religiosissimos
869 1708 1067 1771 Testamenti
1089 1709 1205 1771 veteris
1223 1707 1430 1792 justissimos
1452 1706 1573 1775 Ptlffi‘,

514 1808 549 1871 in
578 1830 636 1872 sua
664 1831 923 1894 unumquemque
960 1810 1057 1873 animi
1089 1823 1203 1874 sancta
1231 1810 1365 1873 virtute:
1405 1808 1570 1872 Abraham

515 1910 648 1986 scilicet,
664 1912 696 1973 iu
717 1911 944 1995 hospitalitatis
963 1911 1137 1975 reverendo
1156 1911 1273 1987 studio,
1287 1922 1389 1994 atque
1409 1910 1449 1972 in
1469 1929 1569 1993 perse

514 2014 653 2077 verentia
675 2012 876 2092 obedientiae,
898 2036 971 2098 quae
994 2016 1152 2077 bonorum
1173 2034 1304 2097 opemm
1326 2011 1482 2075 creditur
1505 2030 1567 2093 per·
1620 2017 1621 2096 l

514 2112 627 2177 lectio:
650 2114 822 2177 deremiam
839 2136 979 2200 quoque,
989 2115 1022 2177 in
1037 2115 1187 2179 solitariis
1200 2114 1372 2195 degentem
1387 2114 1569 2187 scrobibus,
1620 2157 1621 2170 r

513 2224 608 2299 atque
638 2215 792 2279 laudabili
823 2220 999 2280 remotione
1026 2240 1046 2281 a
1074 2228 1253 2299 conspectu
1280 2216 1480 2279 bominum:
1509 2215 1567 2278 Job
1616 2225 1621 2254 l

513 2344 639 2407 quoque
657 2322 756 2385 virum
779 2344 902 2387 summa
918 2323 1033 2387 virtute
1052 2323 1258 2399 laudabilem,
1271 2323 1306 2385 in
1320 2323 1496 2405 patientie
1513 2324 1564 2385 ser·

513 2446 586 2487 rore
609 2424 827 2487 indesinenter
851 2426 1043 2509 assequitur,
1064 2446 1105 2489 ne
1131 2426 1166 2486 in
1187 2446 1227 2488 eo
1250 2423 1351 2507 (quod
1376 2424 1481 2505 absit)
1504 2424 1565 2487 lieri

437 2554 443 2567 ·
513 2537 622 2608 posset
637 2526 725 2609 quod
739 2526 859 2590 alicubi
880 2528 1017 2607 legitur3
1040 2527 1154 2591 Omnis
1167 2527 1266 2589 virtus
1279 2535 1332 2589 cst
1343 2526 1461 2603 vidua,
1476 2547 1564 2611 qnam

512 2627 601 2691 sortis
629 2648 695 2690 non
726 2626 831 2691 firmat
859 2627 1032 2712 patientia:
1066 2628 1101 2691 in
1126 2628 1266 2692 caritatis
1295 2628 1424 2691 fervore
1452 2626 1563 2701 Darid,

511 2730 657 2812 belligeri
679 2729 810 2792 Goliath
836 2733 883 2808 (ut
905 2731 1001 2794 resert
1025 2732 1201 2814 Scriptura)
1224 2731 1379 2794 victorem
1411 2732 1563 2816 typicum,

512 2855 606 2918 quem
623 2833 764 2917 sequitur
778 2835 848 2910 iste,
863 2833 993 2898 inridiae
1013 2834 1195 2919 superando
1210 2834 1343 2897 titium:
1365 2833 1403 2897 in
1420 2835 1562 2898 castitate

512 2934 676 3017 utriusque
698 2933 883 2997 substantiae
905 2934 1076 3010 Joannem‚
1091 2954 1200 2997 carum
1217 2933 1349 2996 Christo
1363 2935 1563 3017 Apostolum,

511 3055 606 3117 quem
622 3042 816 3116 cognoverat
829 3033 1067 3117 quodammodo
1082 3035 1143 3097 bac
1158 3035 1255 3098 etiam
1268 3035 1390 3118 pictate
1406 3037 1485 3118 plus
1499 3038 1562 3100 aliis

511 3132 614 3196 eidem
635 3135 777 3197 Domino
798 3135 1046 3217 complacuisse.
1091 3133 1240 3200 Ceterum
1260 3135 1296 3198 in
1310 3155 1397 3198 verm
1419 3157 1560 3223 compas-

509 3235 608 3298 sionis
636 3237 812 3319 proposito‚
835 3256 930 3319 quem
956 3235 1087 3299 viriste
1113 3235 1337 3300 sanctissimus
1358 3243 1559 3323 sequebatur,

509 3339 571 3403 nisi
585 3340 694 3422 ipsum
709 3361 812 3402 rerum
825 3340 969 3403 omnium
983 3338 1159 3403 factorem?
1182 3340 1237 3424 qui
1251 3361 1310 3424 pro
1321 3341 1427 3406 totius
1442 3347 1558 3425 gmeris

510 3441 641 3505 humani
657 3441 786 3517 delicto,
798 3462 912 3504 amarae
928 3441 1039 3505 mortis
1053 3441 1191 3522 grrsuvit
1204 3444 1360 3526 poculum
1372 3444 1416 3506 ad
1428 3457 1557 3531 tempus

510 3545 578 3608 Ista
598 3546 656 3607 sub
677 3545 843 3622 brevitate,
858 3563 924 3606 non
947 3543 989 3607 ad
1011 3543 1173 3607 fastidium
1193 3543 1341 3630 aliosque,
1355 3545 1416 3609 sed
1430 3547 1475 3610 ad
1490 3549 1557 3612 redi·

510 3643 693 3710 ficationem
717 3644 792 3709 ideo
819 3646 863 3708 ita
888 3646 1151 3723 transcurrimus3
1184 3646 1261 3731 quia
1291 3659 1405 3712 sancto
1430 3650 1557 3734 jurante

510 3747 622 3830 spiritu
638 3748 680 3811 ad
696 3748 757 3811 alia
773 3749 881 3826 multa,
891 3747 949 3811 sed
959 3756 1067 3812 umen
1078 3747 1221 3833 ejusdem
1231 3749 1291 3812 viri
1304 3751 1391 3814 sacta
1403 3753 1556 3817 uuanda

510 3850 615 3912 venire
631 3849 839 3933 disponimus,

553 3945 611 4010 Vir
624 3968 762 4031 namque
773 3948 905 4011 omniuo
918 3947 1045 4012 Christo
1057 3948 1265 4028 deditus,boc
1276 3951 1341 4016 sibi
1352 3975 1426 4018 cum
1439 3959 1554 4021 cetera

510 4061 721 4134 spontaneum
739 4035 894 4113 inserebat
913 4051 1110 4132 martyrium,
1125 4061 1285 4136 quatenns
1297 4055 1492 4122 immensum
1507 4062 1553 4122 tri·

509 4152 663 4234 umphurn
687 4151 750 4214 sibi
770 4151 948 4236 acquireret
967 4173 1010 4214 ex
1029 4152 1122 4216 hoste
1140 4155 1357 4238 nequissim03
1381 4159 1410 4220 si
1429 4163 1551 4244 quando

508 4355 753 4436 inexpugnabili
772 4356 871 4418 lorica
892 4354 979 4432 fidei,
994 4367 1026 4418 et
1040 4369 1140 4439 caput
1158 4369 1287 4422 ornatus
1306 4362 1400 4442 galea
1411 4361 1550 4444 justitia,

509 4474 598 4534 spem
620 4455 799 4518 accendens
821 4457 941 4519 fervore
962 4458 1103 4522 coelestis
1124 4459 1242 4540 gloriae,
1256 4463 1351 4526 talem
1368 4464 1549 4548 imponebat

507 4551 729 4612 verecundiam
767 4554 901 4632 spiritui,
930 4557 1067 4619 carnalis
1103 4560 1257 4641 nequitiae
1294 4563 1547 4634 administratori.
