3759 5425
498 833 600 879 nrrsr.
617 832 717 879 amn
733 834 910 881 iconomo
926 835 1090 881 aaasnms
1106 836 1176 882 nrc.
1310 822 1369 879 351

317 1000 361 1050 ut
374 986 482 1050 nullus
497 996 571 1068 post
585 986 709 1049 obitum
720 998 809 1049 tuum
821 1007 881 1049 nec
892 988 1010 1067 regalis
1022 986 1186 1049 audacitas
1198 1007 1257 1051 uec
1269 988 1375 1072 ponti·

318 1087 427 1150 ficalis
447 1086 630 1163 auctoritas,
650 1088 700 1150 vel
720 1086 837 1170 aliquis
859 1086 1113 1164 Ecclesiastico,
1134 1107 1190 1149 seu
1213 1088 1375 1150 secularis

320 1186 490 1270 dignitatis
509 1186 567 1264 vir,
582 1186 651 1249 sine
672 1195 783 1250 nostro
803 1186 979 1250 voluntatis
998 1186 1140 1262 arbitrio,
1155 1186 1189 1248 in
1207 1188 1299 1250 uobis
1315 1187 1377 1250 sibi

322 1286 470 1349 vindicet
484 1286 726 1370 principatum.”

317 1442 323 1453 .
367 1387 457 1450 Huic
474 1386 592 1450 debitae
605 1386 836 1451 monachorum
856 1409 1013 1465 meorum,
1027 1388 1168 1451 maxime
1188 1388 1376 1451 famulorum

320 1486 402 1565 Dei,
412 1486 559 1569 petitioni
572 1484 784 1550 libentissime
799 1489 962 1551 consensi:
986 1487 1062 1551 etin
1073 1487 1277 1563 monasterio,
1288 1486 1378 1571 quod

313 1584 419 1670 juxta
447 1586 592 1663 fluvium,
620 1587 708 1669 quod
738 1587 856 1652 dicitur
882 1588 1096 1665 Wenburnia,
1122 1588 1174 1652 cui
1203 1586 1377 1651 venerandi

319 1685 426 1767 Regis
452 1686 554 1749 nostri
583 1708 733 1768 germana
754 1686 943 1769 Cuthberga
964 1688 1124 1772 praesidet,
1145 1709 1220 1751 cum
1243 1687 1378 1772 optabili

318 1785 530 1863 famosissimi
544 1787 629 1867 regis
643 1788 708 1851 Inii
723 1808 895 1864 consensu,
911 1799 943 1852 et
957 1787 1214 1852 reverendissimi
1228 1786 1331 1851 fratris
1346 1798 1378 1851 et

322 1886 524 1970 Coepiscopi
542 1889 608 1951 mei
629 1889 786 1967 Danielis,
798 1898 1001 1973 presentata>
1021 1889 1242 1973 promissionis
1263 1887 1379 1952 devoto

322 2000 418 2064 nutu,
446 1986 706 2053 decentissimam
741 2012 912 2055 vernarum
949 1990 1084 2055 Domini
1121 1990 1380 2073 postulationem,

325 2108 428 2151 sacrae
454 2088 569 2152 Crucis
592 2089 760 2171 signaculo
786 2090 982 2155 confirmari.
1028 2090 1145 2155 Itidem
1171 2090 1258 2155 idem
1284 2112 1379 2155 vene·

326 2186 450 2251 raudus
477 2208 548 2265 rex,
573 2198 608 2252 et
634 2190 885 2272 praenominatus
915 2191 1077 2269 Pontifex,
1101 2192 1171 2276 pari
1201 2190 1381 2255 devotionis

325 2307 425 2351 manu
454 2281 720 2371 subscripserunt.
765 2291 837 2353 Nec
867 2292 968 2361 multo
996 2300 1083 2375 post,
1111 2291 1144 2351 in
1175 2299 1379 2353 sacrosancto

326 2386 479 2463 concilio,
498 2387 585 2471 quod
601 2387 700 2472 juxta
720 2388 855 2451 fluvium
876 2390 933 2470 qui
956 2388 1074 2452 dicitur
1092 2386 1226 2463 Wodor,
1246 2406 1380 2466 congre·

327 2498 438 2566 gotum
464 2508 535 2551 esse
559 2486 770 2569 dignoscitur,
792 2487 879 2551 idem
910 2488 1053 2550 omnium
1080 2486 1251 2549 Saxonicae
1277 2487 1380 2567 gentis

324 2586 670 2661 Archimandritarum,
680 2606 756 2649 cum
767 2586 1078 2669 Regalipotentatus
1088 2606 1220 2649 assensu
1229 2593 1262 2648 et
1270 2586 1381 2649 Ponti-

326 2685 416 2752 ficali
437 2686 597 2770 prioratus
621 2696 713 2763 nutu,
736 2685 900 2750 consensit
926 2685 1106 2750 auctoritas.
1151 2684 1282 2769 Siquis
1307 2706 1380 2750 vero

328 2798 443 2850 contra
471 2784 543 2847 hec
572 2797 639 2848 tam
667 2785 838 2849 illustrium
869 2805 1077 2868 personarum
1110 2786 1248 2862 decreta,
1277 2786 1383 2850 moliri

328 2885 545 2962 machinetur,
558 2895 591 2948 et
605 2905 696 2948 sacra
715 2888 881 2968 praesentis
900 2885 1065 2951 schedulae
1084 2887 1165 2951 scita
1183 2887 1382 2969 proevaricari

329 2986 582 3070 praesumpserit,
604 2987 686 3050 sciat
707 3007 754 3064 se,
776 2999 850 3051 aute
872 2988 1044 3052 terribilem
1067 2987 1186 3052 divinae
1206 2987 1383 3073 majestatis

328 3086 494 3163 thronum,
508 3107 582 3151 cum
601 3089 898 3171 prevaricatoribus
917 3100 1151 3174 praceptorum
1171 3089 1315 3168 Domini,
1332 3090 1382 3154 lu·

329 3187 426 3269 gnbri
441 3186 655 3252 damnationis
664 3188 790 3274 judicio
805 3189 1052 3275 percellendum.
1082 3191 1210 3276 Scripta
1224 3198 1274 3255 est
1287 3188 1383 3275 hujus

331 3285 585 3351 confirmationis
614 3289 771 3368 chartula,
800 3290 842 3353 ab
870 3291 1090 3354 insumatioue
1120 3291 1254 3356 Domini
1283 3293 1382 3356 nostri

330 3388 412 3450 Jesu
428 3385 547 3450 Christi
563 3393 637 3452 too.
668 3388 853 3452 indictione
867 3389 961 3453 tertia

505 3493 526 3558 †
550 3485 685 3570 Signum
699 3507 813 3550 manus
828 3486 980 3550 Danielis
995 3487 1162 3570 Episcopi.

506 3593 526 3656 †
550 3586 685 3669 Signum
702 3586 764 3650 Iuii
778 3586 886 3668 Regis.

507 3692 527 3757 †
549 3687 685 3768 Signum
699 3706 814 3750 manus
828 3685 959 3750 Patricii
974 3685 1152 3750 Ethelredi.
