3759 5425
466 633 528 692 142

775 649 818 696 DE
835 651 999 698 muninus
1015 651 1198 699 VIRGINUM.

551 803 659 867 Uncia
672 804 724 868 bis
739 805 827 868 senis
841 823 938 890 quarn
953 817 1068 890 pensat
1081 807 1229 872 lancibus
1245 793 1349 892 aequa,

548 904 702 977 Quamvis
715 907 833 970 auratis
847 910 1010 992 procellat
1025 909 1126 974 fibula
1140 909 1249 987 bullis,

548 1005 696 1089 Amplius
710 1021 765 1072 aut
779 1017 865 1072 certe
880 1010 1055 1074 flavescant
1069 993 1176 1094 petala
1191 1009 1284 1074 fulva.

589 1109 659 1173 Nec
675 1110 799 1175 laterna
811 1111 870 1174 tibi
886 1111 1020 1177 vilescat
1036 1113 1144 1190 vitrea,
1159 1109 1269 1195 Virgo,

546 1209 685 1293 Tergore
699 1213 751 1276 vel
765 1233 847 1291 raso,
862 1225 895 1277 ct
907 1213 1005 1296 lignis
1019 1225 1188 1300 compacta
1202 1211 1347 1296 salignis,

440 1367 443 1370 ,
545 1309 611 1374 Seu
628 1313 880 1377 membranarum
896 1315 987 1377 tenui
1003 1316 1161 1379 velamine
1175 1317 1270 1389 facta,

547 1410 733 1483 Quamlibet
746 1425 843 1478 arata
857 1416 1021 1499 procellat
1034 1417 1114 1480 forta
1126 1418 1259 1480 lucerna

545 1515 612 1577 Aut
626 1513 730 1580 furvas
744 1516 874 1580 lichnus
887 1516 1051 1582 illustrans
1064 1519 1138 1581 luce
1152 1518 1299 1582 latebras.

545 1614 669 1679 Pallida
682 1635 743 1680 nec
758 1617 843 1680 lunas
858 1627 1049 1701 spernantur
1061 1619 1185 1684 lumina
1199 1629 1309 1697 noctu,

546 1718 675 1783 Caeruls
688 1718 766 1782 dum
780 1719 885 1782 fuscat
899 1719 1040 1783 tenebris
1055 1741 1122 1784 nox
1139 1721 1248 1785 secula
1261 1721 1359 1784 furvis

545 1819 624 1883 Plus
637 1820 716 1884 licat
730 1837 770 1882 ex
786 1829 897 1884 centro
911 1819 1008 1884 'litan
1023 1820 1202 1886 vibramina
1215 1821 1342 1885 fundat:

544 1923 629 1988 Cum
642 1922 746 1986 nimbi
760 1921 897 2004 fugiunt,
910 1930 944 1986 et
958 1923 1057 1986 servet
1070 1923 1209 1987 torridus
1224 1923 1331 2002 muter,

543 2023 614 2087 Neo
630 2023 719 2107 putei
733 2023 864 2087 laticem
878 2021 1094 2107 spernendum
1109 2023 1257 2088 ducimus
1272 2026 1381 2102 altum,

541 2125 649 2189 Antlia
663 2145 760 2210 quam
775 2145 899 2189 sursum
914 2127 999 2190 solet
1013 2129 1178 2190 exantlare
1193 2127 1348 2205 cisternis,

542 2226 698 2300 Quamvis
713 2225 877 2311 proecipua
891 2228 1078 2311 praeccllant
1092 2228 1225 2292 flumina
1238 2227 1345 2306 sontis,

542 2327 675 2410 Frigida
689 2347 783 2413 quem
799 2327 912 2411 gelidis
926 2328 1088 2412 progignit
1102 2330 1210 2410 glarea
1223 2330 1373 2414 lymphis.

542 2432 690 2513 Margala
703 2449 765 2494 nec
779 2430 909 2515 penitus
921 2431 1021 2512 nigris
1036 2431 1251 2496 contemnitur
1265 2431 1335 2508 alis,

542 2532 722 2615 Ingluviem
737 2532 853 2595 ventris
868 2531 1050 2614 squamosis
1064 2533 1212 2617 piscibus
1226 2532 1373 2616 implens,

542 2635 698 2699 Garrulus
712 2645 768 2700 aut
782 2635 877 2699 etiam
892 2632 1017 2698 vilescit
1030 2637 1179 2719 graculus
1194 2647 1271 2713 ater,

542 2737 608 2810 Qui
623 2748 766 2819 segetum
781 2724 917 2819 glumas,
931 2747 964 2800 et
978 2738 1042 2802 lari
1059 2739 1199 2823 cespites
1213 2760 1309 2803 occas

541 2839 750 2923 Depopulare
766 2838 884 2914 studet,
900 2858 1037 2923 carpens
1050 2839 1092 2903 de
1106 2858 1209 2905 messe
1224 2840 1399 2924 maniplos:

540 2940 744 3023 Quamquam
758 2939 932 3004 versicolor
946 2941 1099 3006 flavescat
1113 2960 1219 3026 penna
1233 2942 1376 3026 pavonis,

422 3088 444 3116 ,
538 3040 584 3103 Et
598 3050 713 3102 teretes
727 3037 858 3101 rutilant
872 3041 949 3121 plus
964 3041 1059 3104 rubro
1075 3042 1196 3105 murice
1212 3041 1306 3124 cycli,

539 3140 643 3225 Cujus
657 3140 796 3202 formosa
810 3140 935 3224 speeies
951 3151 985 3204 et
997 3142 1085 3205 lirlva
1099 3152 1259 3220 venustas,

537 3242 658 3307 Omnia
672 3242 832 3307 fabromm
847 3266 941 3329 porro
957 3243 1122 3310 molimina
1137 3246 1245 3311 vincit.

537 3349 595 3413 Sic
611 3368 697 3425 caro,
711 3345 893 3410 mirandum
907 3347 986 3427 latu,
1001 3360 1184 3432 putrescere
1198 3348 1314 3424 nescit,

540 3452 587 3515 Ut
600 3450 740 3513 referrrnt
752 3448 846 3513 nobis
859 3460 999 3514 veterum
1016 3450 1211 3515 documenta
1226 3448 1381 3525 viromm;

538 3550 635 3625 Quod
650 3550 788 3633 signum,
803 3559 835 3614 et
850 3551 977 3634 species
991 3560 1040 3615 est
1054 3551 1242 3634 virginitatis
1257 3549 1413 3627 amanda,

539 3650 620 3723 Qua
636 3648 759 3712 calcme
771 3650 853 3712 solet
867 3647 984 3713 devota
997 3662 1104 3714 mente
1120 3650 1277 3717 nefandas

537 3750 716 3833 Spurcitias
728 3747 842 3812 mundi
858 3762 964 3833 spreta
977 3750 1146 3835 putredine
1162 3753 1274 3815 carnis.

539 3850 662 3915 Punica
676 3870 741 3912 neu
755 3851 861 3932 granis
877 3859 1061 3916 temnuntur
1076 3855 1159 3918 mala
1173 3854 1328 3933 rotundis,

538 3953 620 4025 Qua
636 3949 756 4014 circum
772 3952 889 4034 simplo
905 3962 1016 4017 cortex
1030 3955 1188 4020 velamina
1203 3956 1317 4039 cingit.

539 4055 740 4137 Quamquam
756 4053 889 4136 palmeti
903 4054 1090 4138 procedant
1105 4055 1214 4121 dulcia
1227 4074 1333 4141 poma.

538 4154 698 4232 Nectaris,
713 4166 747 4218 et
760 4156 864 4219 mellis
875 4157 995 4220 mulsos
1010 4158 1167 4224 imitantia
1182 4169 1302 4243 gustus.

535 4260 604 4336 Sic,
618 4256 761 4342 inquam,
775 4257 940 4340 integritas
955 4257 1038 4324 sarna
1053 4271 1218 4325 veneretur
1232 4260 1266 4325 in
1282 4280 1401 4327 aarum:

538 4363 586 4427 Ut
599 4372 706 4424 tamen
722 4360 853 4438 electos,
869 4360 926 4445 qui
940 4372 1076 4427 nectunt
1090 4362 1210 4428 foedera
1225 4365 1347 4450 nuptis,

536 4463 582 4525 Et
590 4460 680 4544 juste
693 4460 802 4523 vivunt
814 4474 975 4525 castorum
985 4462 1057 4549 jure
1072 4477 1223 4544 tororum,
