3759 5425
494 751 646 798 rsosrur
664 749 819 796 narsrom
836 749 879 794 ¹ln
893 749 1048 796 sosonsu
1065 747 1268 798 monrusu.
1359 728 1421 790 109

363 905 526 968 Protelata
540 905 729 988 praepatulis
907 902 1082 967 Intervalla
1096 902 1270 966 obstaculis

363 1005 532 1089 Pepulisse
546 1004 720 1088 perniciter
894 1001 1011 1066 Parum
1026 1003 1142 1068 sistens
1155 1003 1321 1067 stabiliter.

365 1105 458 1170 Trini
472 1105 559 1168 fuere
574 1104 693 1168 famine
896 1103 965 1166 Viri
980 1105 1102 1188 absque
1118 1103 1322 1168 cunctamine

365 1207 531 1290 Divulgati
544 1229 602 1290 per
619 1207 739 1272 aethera
897 1206 1022 1270 Summi
1038 1207 1171 1292 Olympi
1185 1226 1313 1291 supera,

364 1307 528 1372 Virtutum
543 1329 625 1392 quos
640 1306 786 1372 redimita
900 1306 1058 1372 Cristatus
1071 1308 1174 1390 cingit
1188 1327 1308 1370 corona

365 1413 596 1495 Poetanamque
610 1431 668 1494 per
682 1411 836 1476 fabricam
903 1411 1060 1476 AEthralis
1072 1411 1142 1475 heri
1156 1421 1300 1492 vegetam

365 1513 457 1577 Fidei
472 1533 602 1576 necnon
617 1513 775 1577 trilicibus
902 1513 1017 1576 Girant
1031 1512 1173 1577 thoracis
1187 1513 1337 1576 humeros

365 1613 422 1678 Sic
438 1612 608 1677 truduntur
622 1612 801 1695 tyrannidis
903 1613 952 1677 Te
967 1613 1091 1678 labiosa
1104 1613 1219 1678 tironis

368 1715 495 1787 Quibus
509 1711 666 1777 horrende
681 1713 771 1776 irruit
902 1714 1012 1777 Imber
1026 1715 1124 1779 veluti
1138 1715 1259 1797 ingruit

368 1815 552 1880 Bellicosus
566 1815 599 1878 in
615 1835 718 1897 agone
906 1815 1026 1881 Christi
1041 1816 1173 1880 adverso
1188 1817 1316 1900 agmine

369 1917 601 1984 Consternatus
616 1915 696 2000 quid
711 1917 824 1980 veritat
904 1917 1031 1981 Furvex
1046 1929 1173 1982 erectus
1187 1917 1312 1981 indicat

370 2017 491 2082 Christi
507 2018 612 2082 crucis
627 2039 686 2102 per
701 2018 845 2083 culmina
911 2020 1056 2084 Ferimus
1069 2019 1183 2085 frontis
1197 2021 1318 2084 vexilla

371 2121 451 2193 Quas
467 2121 565 2203 fugax
580 2121 681 2185 Oreas
696 2118 834 2184 horridis
910 2120 1019 2184 Timet
1032 2123 1166 2186 telorum
1179 2122 1347 2185 imbribus.

371 2224 486 2285 Atros
501 2222 616 2285 famosi
632 2222 753 2286 viribus
913 2222 983 2287 Viri
999 2221 1151 2287 sudantes
1166 2223 1314 2300 strenuis,

372 2324 513 2388 Trucem
529 2323 650 2388 vicistis
665 2332 788 2408 tropaeo
908 2325 1045 2389 Hostem
1061 2325 1138 2389 belli
1152 2325 1301 2400 aethereo,

373 2425 437 2497 Qui
452 2426 650 2510 propinquos
665 2436 697 2488 et
710 2427 828 2510 patrias
907 2428 1128 2510 Aspemantes
1142 2426 1328 2510 peregrinos

374 2525 482 2608 ignoti
497 2525 576 2588 ruris
591 2525 730 2609 cespites
912 2526 1037 2589 Adistis
1051 2547 1129 2590 casn
1144 2527 1345 2611 praecipitem

373 2629 488 2713 Neque
502 2627 644 2692 hirentes
660 2628 797 2693 vortices
914 2627 1095 2693 Undisonis
1110 2629 1288 2713 fragoribus

373 2730 545 2813 Turgeutis
559 2730 646 2795 Ditis
660 2732 806 2795 tellurem
908 2730 1110 2795 Debellantis
1124 2751 1182 2816 per
1195 2740 1344 2795 terrorem

374 2834 491 2917 Neque
505 2833 645 2896 latrones
655 2831 765 2896 libidis
912 2832 1134 2895 Glomerantes
1148 2831 1297 2914 genuinis

374 2932 530 2997 Laetiferae
543 2931 686 2996 libidinis
905 2930 1098 3017 Luridaeque
1113 2933 1287 3019 Cupidinis

374 3035 635 3118 Abstrahuutque
650 3034 783 3098 exuvias
909 3035 1110 3117 Legentibus
1123 3057 1182 3120 per
1196 3036 1294 3100 avias.

376 3137 492 3221 Neque
506 3137 621 3200 belluas
637 3135 834 3199 vibrantibus
912 3136 1033 3200 Rabidi
1046 3138 1139 3201 rostri
1154 3139 1287 3204 rictibus

375 3239 569 3301 Aberrantes
583 3259 641 3322 per
654 3236 747 3301 devia
907 3240 1047 3303 Dumosi
1060 3239 1141 3304 mris
1156 3241 1268 3306 limina

375 3337 543 3402 Celsorum
559 3339 680 3403 Christi
696 3339 832 3403 militum
911 3340 1137 3405 Refraenarunt
1150 3344 1351 3428 propositum

375 3440 461 3504 Tum
475 3443 597 3523 Agapae
612 3461 670 3523 pro
685 3440 826 3504 numinis
913 3440 980 3505 Iter
994 3462 1088 3506 snum
1103 3444 1283 3508 conaminis

378 3541 570 3605 Gradientes
586 3540 734 3605 sublimia
917 3542 1005 3607 Petri
1018 3552 1135 3627 petunt
1148 3545 1309 3627 suffragia,

378 3644 473 3707 lllum
489 3642 612 3707 visendi
628 3642 729 3725 gratia
916 3644 944 3706 F
944 3655 1136 3729 requentant
1150 3657 1187 3709 ut
1200 3648 1355 3710 amnestia

379 3746 486 3809 Nacta
501 3744 582 3808 foret
596 3766 616 3807 a
630 3744 764 3808 numine
915 3742 1002 3808 Petri
1013 3744 1141 3829 juvanti
1157 3745 1275 3809 famine

379 3845 501 3909 Omnes
515 3844 549 3909 hi
564 3844 599 3908 in
615 3846 758 3909 Domino
916 3846 993 3909 Bini
1007 3866 1084 3909 sane
1094 3866 1154 3929 pro
1169 3848 1289 3911 soeculo

380 3948 502 4013 Essent
510 3948 617 4033 juncti
630 3949 788 4013 bitumine
912 3948 1141 4013 Germanitatis
1156 3950 1277 4015 uscidae

380 4049 528 4113 Tandem
544 4050 677 4114 decurre
693 4052 820 4116 concite
915 4051 1065 4134 Perlongi
1080 4051 1171 4115 callis
1184 4052 1287 4117 limite

381 4150 499 4214 AEdem
509 4154 628 4215 almam
643 4150 751 4216 adiere
916 4153 1054 4218 Patriam
1070 4174 1169 4237 quam
1182 4156 1301 4238 petiere

366 4250 452 4313 ,Ubi
466 4249 553 4313 Petri
569 4253 796 4335 corpusculum
917 4252 1013 4316 Latet
1026 4252 1139 4315 tellure
1154 4254 1328 4319 eonditum.

382 4353 466 4417 Tum
482 4355 581 4418 altare
596 4353 746 4418 felicibus
921 4353 1107 4417 Conterinis
1121 4352 1270 4421 fratribus

383 4452 515 4518 Prosilit
530 4454 570 4519 de
586 4456 746 4537 ergastulo
919 4454 1035 4518 Carnis
1049 4455 1178 4518 evulsus
1190 4457 1341 4522 clanculo

385 4556 556 4637 Clasigero
571 4570 604 4621 et
618 4558 714 4637 regias
928 4556 1008 4619 ueri
1024 4554 1161 4620 adhaesit
1174 4558 1307 4623 munitae
