3759 5425
449 650 512 708 ³04
732 660 888 707 arrsrota
904 663 948 709 an
960 662 1138 723 someron,
1154 664 1224 709 arc.

452 837 568 901 genera
584 836 698 879 vocum
708 837 775 879 non
790 816 831 879 ad
842 816 987 882 ionicum
997 818 1214 901 pertinebunt,
1223 816 1283 881 aed
1298 816 1515 881 discretionis

450 918 552 1001 gratia
565 916 689 1001 prolata
702 928 785 979 sunt.

494 1021 538 1084 D.
561 1020 615 1083 Da
636 1020 804 1083 verborum
826 1023 978 1105 exempla
999 1022 1108 1085 ionico
1130 1022 1244 1084 minori
1268 1021 1514 1085 subdita-M.
1635 1047 1638 1061 ⁴

453 1124 629 1188 Sumuntur
642 1143 662 1185 a
675 1118 783 1185 verbis
795 1122 907 1205 primae
922 1123 1171 1207 conjugationis,
1190 1144 1264 1206 quae
1285 1123 1321 1185 iu
1342 1122 1515 1185 tribracho

452 1224 623 1299 edidimus,
640 1234 783 1305 tempore
802 1223 919 1303 futuro,
934 1236 971 1287 ut
985 1225 1212 1300 numerabunt,
1225 1223 1422 1305 rogitabunt,
1437 1224 1514 1305 glo·

451 1326 629 1397 merebant,
644 1324 824 1402 sociabunt,
837 1327 1048 1403 temerabunt,
1063 1324 1284 1402 maculabunt,
1298 1323 1513 1389 dubitabunt.

453 1426 507 1491 Sic
533 1436 566 1489 et
590 1423 748 1487 infinitivo
778 1434 921 1509 tempore
948 1426 1097 1510 praesenti
1126 1448 1148 1489 a
1176 1426 1306 1509 passivo
1333 1426 1516 1503 numerari,

452 1526 590 1610 rogitari,
606 1525 785 1607 glomerari,
801 1526 925 1589 sociari.
970 1527 1116 1590 Veniunt
1134 1548 1155 1590 a
1169 1527 1262 1590 tertia
1276 1527 1513 1612 conjugatione

452 1644 595 1713 tempore
609 1627 770 1710 preterito
785 1626 984 1710 imperfecto,
1006 1628 1189 1705 veniebant,
1204 1630 1388 1713 capiebant,
1401 1632 1514 1715 rapie-

452 1732 542 1807 bant,
571 1728 748 1811 poliebant,
778 1731 974 1807 metuebant,
1002 1729 1197 1794 tribuebant.
1242 1731 1294 1795 Ita
1324 1752 1460 1817 quoque
1489 1755 1512 1795 a

452 1829 628 1919 participiis
648 1839 791 1913 tempore
813 1831 975 1914 praesenti,
991 1843 1026 1896 ut
1045 1844 1260 1910 numerantes,
1281 1835 1512 1915 glomerantes,

453 1935 627 2011 titulantes,
652 1934 825 2016 polientes,
855 1942 1042 2013 statuentes,
1064 1934 1260 2019 jaculantes,
1288 1934 1511 2013 modulantes,

454 2036 640 2121 spatiantes,
655 2034 872 2117 speculantes,
886 2037 1064 2121 etreliqua.

498 2137 542 2201 D.
564 2134 699 2198 lonicus
733 2135 838 2200 minor
866 2137 919 2200 cui
950 2136 1103 2201 divisioni
1137 2138 1306 2203 famulatur
1315 2138 1422 2203 t-M.
1454 2142 1509 2205 Ad

455 2238 585 2325 duplam
601 2235 767 2301 divisionis
781 2237 924 2319 regulam
938 2238 1085 2322 pertinet

499 2343 542 2408 D.
566 2341 630 2406 Dic
645 2362 720 2423 ergo
742 2350 848 2404 utrum
864 2342 944 2405 arsis
966 2354 1022 2405 aut
1036 2343 1135 2407 thesis
1149 2342 1184 2405 in
1206 2355 1384 2429 temporum
1400 2344 1511 2410 distri·

454 2445 587 2513 butioue
602 2443 742 2527 palmam
758 2442 893 2505 victoria
907 2443 1241 2527 promerebitur-M.
1258 2444 1377 2508 ‘Iberis
1390 2448 1507 2530 procul

455 2548 555 2614 dubio
590 2556 726 2631 quatuor
760 2555 939 2627 temporum
974 2546 1133 2611 curricula
1168 2549 1334 2628 gubernat,
1364 2560 1397 2611 et
1425 2549 1509 2613 arsis

457 2652 602 2718 duorum.

499 2754 542 2819 D.
569 2749 663 2818 Unde
677 2750 740 2815 hoc
756 2750 862 2815 evenit
872 2749 979 2814 l—M.
994 2751 1079 2824 Quia
1093 2751 1206 2814 ultima
1226 2751 1353 2815 acuitur
1369 2765 1403 2816 et
1416 2766 1507 2817 ante-

455 2855 633 2940 penultima
654 2863 809 2935 gravatur,
823 2862 861 2916 ut
880 2854 1084 2938 populantes,
1098 2853 1309 2929 maculantes,
1327 2855 1507 2935 glomeran-

456 2969 515 3032 tes,
531 2963 744 3032 numerantes,
758 2968 957 3034 venerantes,
972 2966 1004 3018 et
1025 2956 1135 3020 omnia
1155 2955 1387 3041 propemodum
1408 2960 1506 3021 verba

453 3059 565 3144 primae
588 3055 825 3140 conjugationis
847 3077 917 3142 quse
940 3057 974 3119 in
998 3056 1157 3120 tribracho
1182 3057 1414 3137 congessimus,
1429 3079 1503 3122 cum

455 3159 497 3224 ad
510 3157 750 3244 participiorum
774 3158 1028 3242 significationes
1050 3157 1240 3237 derivantur,
1254 3159 1355 3224 ionici
1372 3161 1507 3224 minoris

454 3261 584 3342 legibus
598 3257 786 3323 subduntur.

818 3358 871 3422 De
886 3357 1000 3421 lonico
1015 3359 1148 3441 Majori.

500 3466 542 3530 D.
565 3464 620 3528 Da
647 3462 775 3544 regulas
803 3460 914 3525 ionico
948 3461 1065 3525 minori
1099 3463 1158 3526 rita
1192 3467 1508 3547 congruentes-M.

457 3565 647 3640 Clementia,
683 3562 852 3642 sententia,
888 3563 1072 3644 concordia,
1114 3564 1286 3643 discordia,
1324 3565 1509 3651 prudentia,

456 3669 616 3746 vecordia,
630 3664 771 3740 vesania,
784 3663 957 3743 dementia,
968 3666 1152 3743 Germania,
1164 3666 1317 3745 Saxonia,
1332 3670 1511 3747 contentio,

456 3770 638 3848 conventio,
651 3767 825 3852 possessio,
841 3767 1011 3847 consessio,
1025 3768 1159 3847 insania,
1178 3769 1322 3846 infamia,
1337 3769 1509 3850 confectio,

457 3871 607 3952 defectio,
616 3871 757 3950 refectio,
767 3871 932 3954 protectio,
943 3871 1143 3952 virguncula,
1151 3873 1327 3952 fornacula,
1336 3874 1510 3950 cunabula,

456 3977 661 4064 paupercula,
691 3983 867 4052 matertera,
901 3975 1086 4052 matercula,
1115 3973 1304 4060 majuscula,
1338 3976 1508 4054 cervicula,

457 4075 637 4159 vulpecula,
659 4073 838 4158 veprecula,
860 4073 1033 4151 nubecula,
1054 4073 1248 4151 mercedula,
1270 4073 1419 4140 ficedula
1464 4077 1505 4141 ln

459 4181 511 4248 bis
534 4178 678 4267 quinque
701 4174 885 4240 nominibus
907 4195 925 4238 e
946 4174 1143 4260 producitur,
1163 4188 1199 4241 ut
1221 4177 1405 4242 Priscianus
1425 4177 1508 4243 libro

460 4285 524 4349 ΙΙΙ.
539 4281 823 4347 commentabatur.
869 4279 924 4344 Ex
938 4277 991 4343 his
1005 4277 1116 4363 primu
1137 4279 1363 4344 declinationis
1376 4279 1510 4345 nomina

460 4387 590 4469 triptota
601 4394 675 4448 stunt
686 4381 718 4445 in
732 4381 894 4465 singulari,
907 4389 1076 4462 tetraptota
1089 4380 1123 4442 in
1133 4380 1258 4463 plurali.
1304 4381 1386 4453 Quoe
1401 4389 1509 4442 autem
