3759 5425
598 739 642 783 ns
657 739 741 784 ocro
757 739 1012 788 rarucrrsmsus
1028 742 1135 788 virus.
1356 729 1419 786 205

457 889 602 953 Pastinat
615 891 647 953 in
664 893 833 957 scrobibus
847 893 1009 959 frondenti
1023 896 1156 979 palmite
1171 896 1276 971 vitem,

457 992 563 1075 Atque
577 993 695 1056 bibens
709 1003 820 1058 nectar
833 995 978 1060 nudabat
992 1006 1085 1080 turpe
1100 1006 1269 1059 veretrum.

456 1091 568 1155 Proles
583 1107 619 1156 ut
632 1094 749 1157 stolide
763 1094 881 1158 rideret
894 1117 975 1160 voce
991 1098 1132 1180 procaci,

457 1191 553 1262 Quod
567 1196 718 1276 probrum
734 1197 869 1280 cupiunt
882 1197 994 1262 fratres
1008 1201 1111 1262 velare
1121 1208 1307 1281 paternum,

458 1290 588 1357 Tertius
603 1304 637 1358 et
650 1296 773 1379 primus
788 1298 876 1381 pepli
891 1299 953 1361 suh
967 1311 1053 1362 veste
1068 1309 1225 1381 tegentes.

458 1393 494 1455 Si
509 1394 659 1459 Bacchus
675 1397 775 1460 valuit
787 1399 1004 1464 venerandum
1019 1420 1134 1480 cogere
1150 1409 1268 1477 vatem,

458 1493 505 1555 Ut
519 1493 684 1560 devoraret
698 1499 853 1574 sobolem,
868 1508 901 1562 ct
916 1521 1018 1581 genus
1034 1521 1128 1564 omne
1144 1511 1310 1585 nepotum,

457 1593 598 1660 Dicens:
622 1599 664 1663 sit
678 1600 817 1665 famulus
830 1601 963 1665 Canaau
979 1601 1170 1666 maledictus
1185 1603 1220 1665 in
1235 1623 1349 1666 aerum.

457 1695 555 1760 Nunc
570 1699 679 1782 potius
694 1700 806 1765 metuit
821 1702 937 1766 defruti
952 1704 1072 1786 pocula
1086 1702 1186 1786 virgo,

456 1797 632 1862 AEtbralem
647 1801 773 1886 linquat
787 1824 828 1866 ne
843 1804 958 1867 victrix
973 1803 1052 1866 sorte
1068 1824 1229 1868 coronam.

457 1897 578 1962 Ebrius
592 1900 634 1964 ad
649 1902 723 1966 vitae
738 1923 773 1966 se
787 1905 892 1968 nescit
904 1903 1035 1967 tendere
1051 1905 1168 1968 callem

457 1998 541 2062 Loth
557 2022 687 2086 quoqne
701 2006 759 2089 qui
772 2007 880 2088 largus
894 2007 1067 2070 sceleratos
1081 2007 1205 2070 vixerat
1218 2006 1311 2082 inter,

455 2099 588 2183 Hospes
601 2102 783 2187 hospitibus
797 2107 946 2189 praebens
961 2107 1145 2170 umbracula
1159 2107 1247 2184 tecti,

457 2201 601 2284 Dapsilis
616 2216 648 2267 et
662 2207 805 2269 tribuens
820 2207 946 2271 cunctis
961 2208 1118 2271 solamina
1132 2208 1253 2270 victus:

457 2301 539 2365 Cum
555 2317 755 2384 scortatores,
769 2319 802 2371 et
817 2310 929 2373 molles
944 2308 1037 2373 sorde
1052 2307 1207 2386 cineedos,

457 2403 521 2474 Qui
536 2405 686 2470 Sodomae
699 2409 826 2472 facinus
840 2411 1011 2492 patrabant
1025 2429 1112 2472 more
1127 2407 1279 2484 nefando,

454 2503 583 2570 Caerula
596 2507 776 2591 sulphureis
790 2518 945 2572 torrerent
958 2509 1093 2573 flumina
1107 2509 1254 2582 flammis,

445 2606 576 2786 igme
591 2619 677 2672 sator
690 2611 834 2672 sobolem
850 2621 960 2694 stupro
976 2608 1125 2692 coguovit
1142 2607 1296 2684 adultam,

474 2707 576 2771 ,brius
589 2709 622 2771 in
638 2712 781 2775 thalamo
795 2724 940 2775 natarum
955 2712 1082 2774 nescius
1098 2707 1228 2773 errans?

457 2809 553 2881 Quod
568 2814 674 2876 scelus
687 2814 852 2877 infandum
868 2821 1007 2897 patraret
1022 2811 1154 2876 crimine
1169 2832 1345 2894 nunquam,

457 2910 502 2971 Ni
516 2932 602 2974 mero
617 2913 766 2978 madidus
780 2915 919 2978 nesciret
927 2913 1003 2998 jura
1017 2924 1165 2977 tororum.

459 3010 544 3083 Quid
560 3034 731 3077 memorem
748 3035 835 3098 sapoe
851 3016 1060 3079 temulentum
1074 3023 1202 3078 nectere
1218 3008 1344 3075 Nabal?

456 3113 519 3185 Qui
535 3134 635 3195 genus
650 3117 795 3190 extorris,
811 3137 938 3179 necnon
956 3126 987 3179 et
1001 3137 1118 3179 nomen
1134 3114 1253 3179 avitum

456 3216 576 3278 Ebrius
591 3220 772 3301 exprobrat,
787 3218 904 3281 stolida
922 3239 996 3282 cum
1011 3240 1090 3282 voce
1106 3216 1314 3282 cachinnans.

457 3318 503 3380 Et
516 3318 550 3380 ni
565 3329 709 3381 matrona
722 3318 874 3402 prudens,
889 3319 954 3382 fore
970 3318 1087 3382 damna
1102 3317 1214 3381 marito

457 3416 609 3498 Pervigili
624 3438 721 3481 seusu
735 3427 846 3480 nosset
861 3427 993 3480 ventura
1008 3417 1159 3499 maligno,
1263 3411 1272 3423 '

457 3519 534 3581 Heu
549 3530 686 3602 quantos
701 3519 836 3581 demens
850 3539 906 3581 seu
922 3518 1033 3600 quales
1048 3517 1163 3597 stragis
1179 3534 1322 3591 warnos,

457 3619 486 3679 A
500 3638 573 3699 rege
590 3628 696 3700 spreto
710 3628 873 3700 pateretur
886 3617 995 3679 lentus
1008 3615 1042 3677 in
1058 3612 1151 3678 aula!

455 3721 503 3783 Ut
516 3721 639 3784 nullum
655 3721 760 3802 paries
774 3720 972 3800 mingentem
986 3717 1065 3781 lotia
1079 3726 1199 3795 nosset,

454 3823 538 3884 Ante
553 3823 677 3884 Aurora
690 3823 820 3885 rubrum
837 3840 934 3903 quam
949 3819 1057 3909 lumen
1074 3825 1238 3902 spargeret
1251 3819 1345 3895 arvis,

457 3922 583 3988 Idcirco
595 3924 684 3987 banc
698 3924 826 3989 belvam
841 3921 969 3986 studeat
984 3942 1134 4005 superare
1151 3920 1269 4003 virago,

455 4024 506 4087 Ne
521 4024 649 4087 balaena
664 4044 763 4087 vorax
779 4024 888 4086 valvas
903 4022 1060 4106 explodat
1075 4022 1217 4104 Olympi,

455 4124 592 4208 Spiritus
605 4134 643 4187 ut
656 4134 797 4206 nequeat
810 4122 952 4207 paradisi
968 4121 1121 4186 scandere
1137 4133 1308 4204 sceptrum.

453 4223 545 4287 Dura
561 4222 693 4307 quidem
702 4223 823 4306 jugiter
838 4223 968 4285 virtutes
982 4223 1069 4286 bella
1084 4223 1255 4299 facessunt,

456 4323 635 4407 ingluviem
651 4335 773 4398 contra,
789 4322 969 4384 vincentem
986 4321 1087 4385 ferrea
1101 4321 1209 4399 corda,

453 4424 520 4488 Sed
535 4435 643 4487 tamen
658 4424 822 4506 integritas
831 4422 953 4507 jejunis
968 4422 1086 4485 viribus
1102 4423 1220 4499 obstat,

453 4528 652 4610 Franguntur
666 4525 804 4609 dapibus
818 4546 858 4587 ne
873 4526 1117 4608 propugnacula
1132 4528 1259 4595 mentis.
