3759 5425
443 671 461 724 t
807 679 831 720 s.
849 675 1024 721 ,incusant
1042 673 1142 718 uranu

445 835 609 908 vallantes,
624 829 757 894 fertilem
778 827 918 912 praedam
938 827 1117 891 numerosis
1136 825 1282 904 cruribus
1296 833 1331 888 et
1342 843 1497 888 coxarum

444 935 594 999 oneribus
610 932 785 1010 advehunt,
800 932 917 1015 quibus
937 953 1030 995 cerea
1048 940 1153 993 castra
1172 927 1369 991 conficiunt:
1393 925 1497 989 Modo

445 1046 562 1099 teretes
580 1034 781 1099 hoederarum
804 1036 986 1116 corymbos,
1001 1045 1033 1098 et
1053 1031 1233 1096 levissimos
1255 1031 1398 1094 florentis
1418 1030 1498 1092 tiliae

446 1137 590 1200 surculos
619 1136 849 1218 constipantes,
879 1135 1103 1198 multiformem
1140 1134 1280 1196 surorum
1314 1131 1498 1195 machinam

446 1239 608 1320 angulosis
630 1248 663 1300 ct
684 1237 803 1320 opertis
825 1236 951 1299 cellulis
973 1246 1171 1299 construunt
1216 1233 1318 1317 Cujus
1337 1234 1410 1296 artis
1430 1253 1497 1294 mo-

444 1339 542 1402 limen
563 1339 709 1420 egregius
730 1337 841 1414 Poeta,
856 1337 996 1400 Matrica
1014 1335 1167 1399 facundia
1187 1336 1297 1409 fretus,
1312 1334 1499 1398 catalectico

445 1463 536 1505 versu
552 1440 690 1504 creditur
705 1440 881 1503 cecinisse:
905 1439 987 1502 Cum
1003 1438 1143 1515 diceret;

657 1544 742 1596 Cerea
752 1545 892 1611 gemmatis
903 1543 1047 1597 flavescuut
1058 1543 1137 1596 mella
1148 1544 1274 1596 mnistris.

447 1644 494 1706 Et
506 1642 588 1705 infra
601 1642 912 1724 brachycatalectico
928 1642 995 1704 sire
1010 1641 1166 1724 colopho:

658 1747 845 1816 collucentque
857 1748 910 1800 suis
921 1765 1000 1800 aurea
1010 1745 1160 1800 caessaris.

449 1848 534 1909 Nam
555 1844 825 1929 quemadmodum
845 1865 993 1920 examen,
1008 1855 1096 1908 arcta
1115 1843 1322 1908 fenestrarum
1344 1844 1500 1908 foramina

448 1959 481 2010 et
495 1959 631 2030 augusta
650 1947 777 2010 alvearii
792 1946 952 2010 vestibula
973 1946 1156 2009 catervatim
1178 1967 1235 2029 per
1254 1958 1374 2010 turmas
1394 1968 1500 2028 egres·

448 2071 530 2126 sum,
559 2070 686 2111 amoena
715 2068 860 2111 arvorum
896 2058 988 2130 prata
1022 2049 1214 2132 populatum
1251 2048 1365 2112 eodem
1402 2049 1499 2113 morlo

448 2161 597 2226 restrum,
616 2148 650 2210 ni
672 2147 772 2225 sallor,
794 2147 978 2210 memoriale
999 2147 1116 2210 mentis
1137 2148 1301 2229 ingenium
1324 2170 1382 2232 per
1403 2150 1500 2214 floru-

449 2251 538 2312 lenta
563 2249 798 2332 Seripturarum
823 2269 897 2310 arra
926 2248 993 2311 late
1019 2269 1151 2328 vagans,
1177 2249 1289 2312 bibula
1317 2250 1500 2314 curiositate

450 2350 598 2414 decurrit.
643 2349 740 2411 Nunc
769 2347 877 2410 divina
904 2349 1085 2431 priscorum
1115 2349 1345 2433 Prophetarum
1371 2353 1502 2414 oracula

449 2453 545 2517 certis
575 2444 855 2534 astipulationibus
886 2447 1079 2532 jamdudum
1116 2450 1290 2514 Salvatoris
1327 2450 1501 2515 adventum

451 2553 660 2618 vaticinantia
696 2551 825 2614 enixius
861 2550 1108 2631 investigando:
1160 2553 1259 2616 Nunc
1296 2555 1500 2635 antiquarum

450 2679 566 2723 arcana
590 2657 699 2737 legum
726 2653 766 2716 ab
791 2649 847 2715 illo
874 2651 1060 2715 mirabiliter
1082 2650 1216 2734 digesta,
1238 2654 1294 2737 qui
1320 2655 1372 2719 bis
1393 2657 1501 2741 quinia

450 2760 665 2844 Memphitica
679 2776 776 2837 regua
795 2753 976 2818 saevissimis
997 2755 1163 2836 plagarum
1185 2756 1415 2821 afflictionibus
1430 2781 1501 2822 cru-

451 2861 563 2924 deliter
584 2859 791 2943 percussisse,
806 2866 839 2919 et
853 2855 1024 2920 rubicundi
1045 2867 1203 2922 tumentes
1217 2860 1340 2923 Oceani
1362 2863 1503 2943 gurgites

451 2984 489 3027 ac
514 2962 678 3043 reciproca
704 2960 883 3042 spumantis
908 2959 1015 3041 pelagi
1038 2960 1160 3038 flustra,
1183 2962 1389 3025 Sacrosancti
1413 2973 1503 3026 tactu

452 3062 578 3125 viminis
600 3082 641 3122 ex
665 3060 797 3123 colubro
823 3080 925 3143 nuper
950 3058 1165 3143 transfigurati
1188 3062 1219 3123 in
1243 3062 1415 3125 simulacro
1436 3084 1505 3125 ma·

451 3165 544 3228 cenae
566 3162 753 3225 altrinsecus
776 3172 1004 3245 sequestrasse,
1019 3171 1052 3224 et
1070 3174 1145 3245 post
1159 3164 1290 3227 coeleste
1304 3164 1503 3248 colloquium

451 3262 594 3327 cornutis
617 3262 757 3325 vultibus
783 3261 984 3325 incredulum
1011 3263 1139 3343 fugasse
1160 3265 1276 3343 vulgus
1301 3263 1505 3342 describitur,

451 3366 589 3429 sollicita
608 3363 785 3427 intentione
808 3363 1001 3427 scrutando:
1026 3365 1124 3426 Nunc
1145 3364 1371 3447 quadrifariam
1394 3367 1503 3429 Evan-

451 3468 561 3550 gelicae
596 3465 760 3530 relationis
796 3464 893 3544 dicta,
923 3464 1067 3549 mysticis
1097 3466 1338 3530 Catholicorum
1375 3478 1503 3551 patrum

452 3568 700 3634 Commentariis
715 3566 874 3649 exposita,
890 3578 922 3629 et
937 3565 977 3628 ad
993 3564 1167 3629 medullam
1183 3588 1285 3652 usque
1301 3569 1506 3651 spiritualiter

452 3673 629 3748 enucleata,
652 3682 684 3733 et
707 3669 931 3754 quadriformis
961 3670 1201 3733 Ecclesiasticae
1227 3670 1406 3735 traditionis
1431 3694 1504 3737 uor-

452 3777 547 3839 mulis
569 3773 744 3837 secundum
769 3773 943 3850 historiam,
965 3772 1159 3855 allegoriam,
1182 3775 1405 3857 tropologiam,
1427 3796 1504 3838 ana·

454 3899 570 3960 gogen,
586 3876 721 3958 digesta,
735 3876 867 3939 solerter
880 3875 1084 3959 indagando:
1110 3877 1206 3939 Nunc
1222 3878 1342 3961 priscas
1356 3878 1505 3942 historio·

454 3978 645 4063 graphorum
671 3976 795 4039 tabutas
818 3989 851 4039 et
872 3978 1188 4061 chronographorum
1213 3979 1337 4057 seriem,
1359 3981 1417 4064 qui
1442 3980 1506 4043 for·

452 4083 550 4146 tuitus
575 4079 805 4163 praeteritorum
831 4080 1079 4161 permutationes
1104 4092 1283 4163 temporum
1306 4082 1412 4145 tenaci
1437 4103 1504 4144 me·

453 4182 562 4245 moriae
586 4190 677 4245 textu
699 4177 906 4256 tradiderunt,
928 4179 988 4241 rite
1010 4178 1172 4243 rimando:
1200 4182 1298 4244 Ntmc
1322 4181 1505 4261 grammati-

454 4304 563 4346 corum
596 4282 723 4361 regulas
753 4291 786 4342 et
815 4280 1099 4362 orthographorum
1129 4281 1330 4363 disciplinas,
1358 4284 1444 4346 tonis
1472 4295 1507 4347 et

453 4382 651 4467 temporibus
665 4381 844 4459 trutinatas,
855 4380 995 4463 pedibus
1011 4381 1145 4463 poeticis
1160 4394 1348 4465 compactas
1361 4405 1419 4467 per
1433 4387 1507 4447 cola

453 4496 486 4551 et
500 4494 675 4549 commata:
698 4484 760 4545 hoc
778 4494 836 4559 est,
851 4504 906 4565 per
921 4482 1244 4563 penthemimeriu,et
1258 4485 1506 4569 heptemimerin
