3759 5425
473 651 537 709 ³00
754 666 911 713 sersaoni
926 667 972 712 so
987 666 1165 727 acracrou,
1180 668 1253 713 uro.

471 820 583 884 nentia
604 822 747 908 ejusdem
770 818 869 893 modi,
884 831 921 883 ut
942 820 1111 900 sciscitari,
1124 822 1313 900 machinari,
1327 823 1533 905 suangnlari,

474 920 1138 1005 quaeinregulamepitritisecunditransire
1149 933 1335 987 noscuntur.
1359 922 1533 987 Interdum

473 1025 642 1089 trochaicae
663 1024 744 1103 legis
764 1024 912 1086 normula
931 1044 951 1085 a
970 1023 1213 1107 participiorum
1233 1024 1532 1107 significationibus

473 1125 608 1189 oriunda
623 1134 757 1197 constat,
773 1138 808 1188 ut
822 1124 1051 1203 verberandus,
1064 1125 1295 1204 masticandus,
1305 1124 1533 1199 calculandus,

473 1226 699 1301 calcitrandus,
730 1226 943 1304 dedicandus,
970 1226 1185 1305 ventilandus,
1214 1225 1427 1290 vellicandus.
1472 1226 1532 1291 Sic

473 1349 493 1391 a
509 1328 600 1393 tertia
613 1329 664 1392 rel
678 1338 802 1413 quarta,
812 1336 849 1391 ut
863 1326 1069 1405 imbuendus,
1078 1327 1274 1405 obruendus,
1285 1328 1533 1411 exprimendus,

474 1427 658 1514 sopiendus,
673 1426 869 1503 sarciendus,
884 1426 1068 1510 sepiendus,
1084 1426 1289 1506 sanciendus,
1303 1428 1497 1492 fulciendus.

516 1530 559 1593 D.
582 1530 636 1594 Da
650 1530 791 1612 regulam
809 1528 1078 1592 divisionis-M.
1101 1530 1209 1614 AEqua
1223 1530 1419 1594 ditrocbaeus
1433 1533 1531 1595 lance

472 1638 615 1714 libratur,
635 1636 713 1701 dum
735 1634 814 1699 arsis
834 1646 867 1696 et
886 1634 987 1697 thesis
1006 1636 1059 1698 bis
1079 1636 1179 1698 ternis
1202 1646 1381 1721 temporum
1401 1638 1534 1701 uotiuis

475 1740 721 1825 aequiparantur.
1634 1769 1635 1792 i

517 1840 561 1904 D.
583 1840 679 1913 Quali
693 1852 828 1903 accentu
849 1836 1044 1902 ditrochaeus
1063 1839 1219 1920 figuratur
1227 1838 1333 1903 l-M.
1357 1841 1393 1903 Si
1412 1843 1532 1925 penul·
1634 1895 1635 1902 ,

474 1944 550 2007 tima
580 1941 739 2025 positione
768 1940 965 2024 producitur,
994 1952 1090 2005 acuto
1118 1952 1255 2006 accentu
1289 1943 1533 2026 praenotabitur,

474 2058 510 2107 ut
524 2042 757 2125 aggregandus,
772 2040 976 2123 digerandus,
991 2041 1176 2107 basiandus.
1200 2048 1279 2121 ‚Ast
1297 2065 1371 2107 vero
1392 2044 1421 2108 si
1434 2055 1531 2109 natu·

473 2144 580 2210 raliter
593 2143 774 2227 penultima
786 2144 884 2226 longa
898 2143 1004 2218 suerit,
1013 2144 1083 2207 sins
1094 2146 1246 2226 ambiguo
1257 2145 1532 2223 circumflectitur,

475 2261 511 2314 ut
532 2246 725 2332 passerinus,
745 2247 933 2325 vulturinus,
955 2248 1134 2326 anserinus,
1155 2259 1188 2312 et
1209 2259 1325 2313 cratera
1346 2248 1531 2327 derivativa,

475 2371 545 2437 qnae
561 2348 706 2432 superius
721 2347 761 2410 de
776 2345 944 2429 primitivis
959 2346 1187 2427 congessimus.

865 2447 918 2509 De
934 2449 1139 2529 Anteaposto.

518 2555 560 2617 D.
584 2550 768 2635 Autespasti
800 2570 910 2634 quaeso
941 2551 1142 2633 proferantur
1166 2552 1419 2635 exempla—M.
1446 2556 1528 2618 Are·

475 2676 585 2732 nosus,
605 2655 789 2731 lacertosus,
804 2652 1000 2735 querelosus,
1014 2652 1191 2736 lapillosus,
1208 2653 1398 2732 latebrosus,
1420 2675 1525 2719 caver·

474 2779 584 2834 nesus,
613 2755 813 2832 tenebrosus,
842 2765 1024 2831 coronatus,
1054 2754 1224 2838 capillatus
1253 2755 1303 2817 rel
1332 2756 1527 2839 capillosus3

475 2861 523 2926 sic
547 2878 739 2932 venenosus,
761 2855 946 2939 papillatus,
967 2853 1140 2938 paludatus
1162 2855 1197 2919 id
1220 2864 1270 2919 est
1294 2857 1527 2941 paludamento

475 2971 612 3043 togatus,
627 2967 804 3033 catenatus,
819 2957 1030 3042 pharetratus,
1044 2957 1261 3042 palumbinus,
1276 2957 1491 3024 columbinus.

520 3061 562 3123 D.
586 3061 668 3122 Haec
685 3060 817 3122 nomina
830 3079 888 3122 seu
902 3057 1072 3144 participia
1089 3060 1143 3124 cui
1162 3059 1271 3123 formae
1293 3059 1418 3123 casuali
1438 3071 1528 3145 apta·

475 3159 709 3228 bunturi-M.
742 3159 858 3224 Omnia
880 3169 1069 3244 pentaptota
1093 3182 1165 3225 esse
1189 3171 1331 3225 veterum
1357 3163 1531 3226 auctoritas

476 3264 626 3328 declarat.

519 3366 562 3430 D.
586 3364 640 3428 Da
661 3365 811 3448 exempla
833 3364 874 3428 de
896 3364 1044 3449 personis
1066 3365 1233 3430 verborum
1256 3377 1423 3450 antepasto
1448 3388 1530 3430 con·

475 3467 723 3552 graculis-M.
753 3466 922 3540 Amabam,
951 3465 1119 3539 amabatis,
1149 3487 1329 3531 amaremus
1365 3467 1532 3543 amaretis,

474 3572 646 3635 litabamus
661 3567 813 3643 litabatis,
828 3567 951 3630 litarem
971 3567 1118 3645 litaretis,
1132 3568 1328 3631 necabamus
1347 3568 1531 3643 necabatis,

474 3693 662 3737 necaremus
675 3667 832 3732 necaretis
846 3691 854 3730 ι
877 3669 924 3732 sic
939 3671 1138 3751 negabamus
1151 3671 1331 3750 negabatis,
1342 3671 1532 3735 favebamus

474 3773 638 3850 favebatis,
661 3771 845 3834 emebamus
867 3772 1034 3849 emebatis,
1056 3773 1240 3836 serebamus
1266 3773 1431 3848 serebatis,
1453 3794 1534 3855 age·

474 3877 590 3939 bamus
609 3873 763 3956 agebatis.
811 3873 862 3936 Ita
883 3873 916 3935 in
937 3875 1062 3937 caeteris
1084 3874 1252 3938 modorum
1276 3875 1474 3959 temporibus
1496 3888 1533 3939 et

476 3996 684 4062 personarum
699 3973 968 4038 declinationibus
982 3972 1125 4058 ejusdem
1148 3973 1241 4058 pedis
1262 3976 1399 4039 formula
1416 3977 1531 4040 crebro

476 4079 631 4164 reperitur
644 4077 772 4153 inserta,
787 4097 883 4160 quam
899 4075 1081 4156 singillatim
1097 4079 1243 4140 evolvere
1257 4089 1291 4140 et
1310 4077 1533 4142 universaliter

477 4181 617 4246 enudare
647 4178 750 4242 tedet.
798 4179 881 4240 Nam
909 4177 999 4240 aliter
1026 4178 1059 4240 in
1088 4179 1329 4264 participiorum
1359 4176 1529 4243 declinati·
1634 4216 1636 4223 >

478 4285 595 4348 onibus
621 4291 821 4364 antespastus
844 4278 1027 4361 indagatur,
1054 4289 1195 4363 tempore
1221 4279 1353 4364 quidem
1378 4282 1531 4363 prasenti

479 4385 612 4447 alorma
626 4381 807 4446 inchoativa
826 4401 883 4466 per
898 4380 1073 4462 genitivum
1094 4382 1299 4464 singularem,
1313 4391 1350 4444 ut
1368 4381 1530 4446 nitescens

480 4484 678 4561 nitescentis,
706 4485 881 4549 rubescens
910 4484 1120 4562 rubescentis,
1146 4485 1305 4547 virescens
1335 4482 1533 4557 virescentis,
