3759 5425
450 716 510 778 lat

730 735 843 782 meua
859 735 903 782 DE
918 737 994 783 ARlS
1008 738 1126 784 BBATAE
1143 737 1259 785 MARIAE

926 1047 1022 1110 v111.

535 1200 672 1264 Necnon
686 1203 707 1266 J
708 1205 839 1281 acobus,
855 1202 974 1266 Christi
989 1213 1155 1268 matertera
1170 1213 1286 1278 cretus,

534 1301 580 1365 Et
593 1304 779 1367 consobrini
794 1303 880 1367 felici
895 1304 1024 1367 nominc
1038 1305 1145 1383 fretus,

535 1402 632 1466 Hanc
650 1403 751 1468 aedem
768 1405 903 1468 Domini
919 1403 1099 1468 desummo
1115 1416 1221 1469 servat
1235 1403 1387 1486 Olympo,

533 1504 638 1577 Quem
653 1506 746 1590 plebs
760 1507 781 1570 J
783 1505 875 1569 udaea
890 1527 976 1569 saero
990 1507 1170 1570 bacchante
1186 1505 1323 1570 tumultu

534 1605 665 1668 Pulsum
681 1606 721 1668 de
735 1607 838 1688 pinna
852 1607 982 1670 fullonis
997 1607 1079 1671 suste
1093 1606 1232 1683 necavit,

534 1705 630 1779 Quod
645 1705 808 1771 Christum
823 1708 956 1792 populis
971 1707 1131 1772 scandens
1145 1706 1273 1788 fastigia
1287 1704 1399 1787 templi

534 1806 787 1872 concionaretur
802 1810 913 1871 crebro
929 1829 1075 1872 sermone
1090 1807 1249 1873 sacerdos.

535 1909 574 1972 ln
591 1907 684 1993 cujus
700 1909 838 1990 genibus
852 1910 948 1994 pellis
963 1911 1083 1974 callosa
1097 1910 1239 1988 refertur,

532 2010 620 2072 Dum
636 2010 756 2074 crebris
770 2009 896 2074 vicibus
911 2020 1015 2074 oraret
1030 2032 1111 2075 voce
1125 2010 1319 2086 Tonantem,

534 2110 716 2196 Poplitibus
730 2111 825 2174 flexis
841 2111 981 2174 tundens
996 2113 1179 2196 pavimenta
1192 2111 1314 2189 sacelli,

534 2212 643 2276 Lanea
657 2213 761 2276 villosi
776 2213 897 2296 sprevit
910 2213 1069 2278 velamina
1081 2214 1182 2297 pepli,

534 2313 636 2377 Linea
649 2315 807 2377 brumosis
822 2335 951 2378 sumens
965 2315 1112 2378 mantilia
1125 2314 1244 2377 flabris.

535 2413 588 2479 Sic
604 2435 732 2499 quoque
748 2418 934 2495 flagrantem
950 2427 1159 2480 contemnens
1174 2436 1307 2499 corpore
1322 2413 1459 2478 nardum

532 2516 740 2580 Thermarum
754 2517 883 2599 penitus
897 2517 1044 2599 neglexit
1058 2529 1187 2600 pectore
1201 2537 1363 2600 pompam.

531 2619 607 2682 Non
623 2617 743 2682 cirrhos
757 2619 872 2701 capitis
887 2619 1002 2682 ferrata
1017 2618 1138 2702 forcipe
1153 2618 1279 2696 demsit,

531 2721 603 2784 Nec
620 2722 722 2784 culter
735 2722 836 2783 malas
852 2720 950 2784 vestis
963 2721 1115 2803 lanugine
1129 2721 1221 2784 rasit:

532 2821 634 2905 Cujus
649 2820 797 2883 virtutum
814 2831 902 2883 tanta
916 2821 1080 2905 praeconia
1093 2831 1254 2899 constant,

532 2922 580 2986 Ut
593 2920 737 2985 vindicta
751 2922 851 2999 necis,
866 2943 963 3005 quam
979 2921 1048 2985 dira
1061 2931 1163 2984 morte
1177 2923 1297 3000 luebat,

531 3024 683 3087 Interitus
698 3022 790 3087 fieret
804 3023 945 3105 Solymae
959 3024 1136 3107 populique
1151 3024 1253 3099 ruina,

530 3125 619 3188 Dum
634 3123 727 3186 Titus
742 3124 852 3187 Caesar
867 3122 969 3186 densa
983 3123 1156 3187 comitante
1170 3136 1297 3188 caterva

529 3225 613 3288 Cum
628 3222 768 3305 genitore
784 3223 879 3286 simul
894 3224 1050 3287 Romanis
1065 3225 1192 3287 arcibus
1207 3238 1285 3289 orto.

531 3326 653 3389 Urbem
668 3323 813 3387 ferriferis
827 3326 960 3387 vallaret
974 3325 1116 3388 millibus
1131 3326 1282 3409 amplam,

528 3428 643 3490 Donec
659 3424 728 3489 dira
742 3427 842 3489 fames
857 3427 1034 3490 consumsit
1049 3439 1152 3509 strage
1167 3440 1309 3492 catervas

529 3528 696 3591 Moenibus
712 3528 891 3590 obstructas
907 3540 939 3591 et
954 3528 1036 3590 muri
1050 3549 1177 3592 carcerc
1192 3540 1312 3613 septas,

528 3630 688 3713 Tempore
703 3650 767 3713 quo
783 3638 925 3691 tenerum
941 3631 1092 3693 mactavit
1105 3630 1237 3694 foemina
1249 3642 1371 3711 natum,

528 3734 666 3815 Insuper
679 3728 851 3793 assandum
868 3732 1007 3794 verubus
1021 3731 1184 3795 transfixit
1198 3734 1312 3808 acutis,

527 3832 631 3905 Quem
647 3842 775 3895 coctum
790 3831 911 3893 laribus
926 3831 1066 3895 crudelis
1080 3843 1180 3897 mater
1194 3834 1311 3897 edebat

526 3934 688 3997 Humanae
703 3934 831 4015 penitus
845 3944 967 3995 uaturae
978 3932 1052 4018 jura
1066 3936 1238 4010 resolvens,

529 4036 691 4098 Horresco
706 4034 844 4096 reserens
858 4033 954 4095 effebi
969 4033 1063 4097 funus
1078 4036 1239 4099 acerbum.

527 4136 580 4199 Sic
596 4134 737 4198 vindicta
753 4134 857 4196 crucis
871 4134 1038 4197 mulctavit
1052 4136 1143 4200 clade
1157 4138 1323 4202 nefandos.

527 4236 583 4300 Sic
599 4255 727 4319 quoquc
741 4234 762 4298 J
764 4235 857 4298 acobi
872 4235 1037 4298 mulctavit
1049 4238 1157 4320 passio
1172 4246 1290 4303 sontes.

527 4336 692 4402 Undecies
707 4347 844 4400 centena
859 4336 954 4401 simul
969 4336 1126 4401 cecidisse
1140 4341 1289 4420 leguntur

525 4436 632 4500 Millia
645 4457 701 4519 per
716 4436 863 4500 miseram
878 4438 1079 4502 moribundis
1093 4440 1218 4504 civibus
1233 4444 1354 4507 urbem.

527 4544 661 4621 Insuper
677 4552 709 4601 et
723 4552 851 4603 centum
867 4542 1049 4606 tenduntur
1063 4541 1164 4607 millia
1177 4544 1308 4626 passim,
