3759 5425
448 733 508 794 174

772 753 816 798 mr
833 753 1191 800 montemtremitum.

531 905 698 974 Quatenus
711 906 931 984 altithronum,
945 909 1032 970 lauta
1048 906 1102 990 qui
1118 913 1228 986 regnat
1243 903 1276 965 iu
1292 924 1374 980 arce,

528 1005 665 1069 Pussent
680 1006 831 1071 clarificis
846 1009 964 1092 pagani
981 1007 1111 1070 credere
1127 1005 1240 1088 siguis.

531 1105 639 1171 Unica
653 1118 719 1173 tum
736 1111 864 1174 soboles
878 1109 1019 1194 praelecti
1036 1107 1173 1172 credidit
1186 1107 1270 1170 ultro

531 1207 621 1270 Dum
632 1209 687 1291 pia
700 1211 868 1275 fructiferis
882 1210 999 1294 pandit
1013 1209 1192 1294 praecordia
1206 1205 1322 1282 verbis,

529 1308 681 1392 Martyris
696 1313 866 1395 amplexus
881 1312 958 1376 felix
975 1312 1107 1376 oracula
1120 1311 1232 1395 puber.

529 1409 622 1473 Tiruc
638 1411 732 1475 simul
747 1414 781 1477 in
796 1415 933 1478 latebras
948 1413 1116 1477 truduntur
1131 1409 1268 1476 carceris
1283 1419 1375 1472 atras.

531 1511 605 1584 Qua
620 1511 843 1578 damnatorum
856 1524 1046 1599 putrescens
1061 1513 1140 1577 sorte
1157 1511 1293 1576 cadaver

530 1611 683 1696 Turpiter
695 1615 849 1678 introrsus
863 1617 994 1681 bulliret
1008 1615 1167 1679 vermibus
1182 1613 1275 1678 atris:

529 1714 594 1778 Sed
609 1724 716 1780 tamen
730 1718 892 1781 insontum
908 1721 1113 1801 complentur
1126 1730 1256 1783 nectare
1270 1735 1372 1791 nares,

532 1816 694 1882 Olfaotum
709 1821 888 1884 Ambrosia
904 1820 1064 1904 spirantes
1079 1821 1159 1884 sorte
1175 1837 1359 1902 supernum.

532 1919 603 1982 Nec
619 1919 702 1984 lucis
716 1921 816 1986 radiis
829 1923 980 2007 linquens
996 1924 1155 2005 ergastula
1168 1921 1278 1998 cessit,

532 2019 684 2103 Limpida
698 2022 756 2086 sed
772 2024 919 2087 tenebras
934 2025 1087 2088 arcebant
1100 2024 1221 2087 lumina
1236 2021 1351 2095 furvas,

531 2121 585 2184 Sic
600 2120 692 2185 Deus
702 2123 736 2186 iu
752 2125 970 2188 sanctissima
984 2125 1097 2189 virtute
1112 2123 1292 2207 triumphat

531 2223 617 2287 Tum
632 2235 741 2287 custos
756 2245 893 2289 cerneus
906 2247 1013 2290 remur
1028 2227 1182 2290 miracula
1196 2235 1286 2289 tauta

531 2325 680 2390 Credidit
694 2326 901 2391 altithronum
916 2329 1093 2392 salvantem
1107 2329 1226 2392 sarcula
1240 2347 1359 2409 regern,

532 2426 735 2510 Baptismum
749 2439 864 2493 nactus
879 2429 1015 2514 stipatur
1029 2429 1131 2494 milite
1146 2428 1257 2506 denso,

533 2528 597 2601 Qui
613 2530 700 2614 prius
714 2529 869 2594 excubias
883 2532 1030 2595 servabat
1044 2531 1180 2595 carceris
1196 2530 1263 2595 atri.

532 2632 675 2716 Imperet
687 2631 809 2696 interea
823 2633 988 2696 multatum
1005 2644 1106 2696 morte
1120 2631 1256 2696 cadaver

530 2733 667 2816 Surgere
681 2733 722 2798 de
736 2735 836 2817 nigris
850 2734 958 2798 anima
971 2734 1124 2798 redeunte
1135 2736 1276 2813 latebris,

534 2834 631 2908 Quod
645 2836 735 2919 prius
748 2837 923 2900 obvolvens
937 2836 1127 2901 constrinxit
1142 2836 1241 2900 fascia
1255 2856 1362 2900 nexu:

535 2936 685 3000 Mortuus
700 2937 831 3019 evigilat
844 2937 1047 3021 disrumpens
1063 2946 1178 3003 tartara
1192 2934 1293 3003 teba!

533 3038 627 3102 Tunc
641 3039 793 3123 precibus
808 3050 918 3103 tnrmae
933 3050 1022 3103 vaste
1037 3039 1195 3124 crepitant
1207 3038 1344 3103 tumultu

537 3140 716 3203 Hortantur
724 3139 877 3224 juvenem
894 3162 969 3203 vero
985 3140 1170 3225 depromere
1184 3140 1263 3219 satu,

535 3242 681 3314 Qualiter
695 3242 854 3305 exanimis
868 3240 966 3306 surra
981 3242 1141 3306 vestibula
1154 3243 1264 3318 valve,

534 3342 722 3428 infernique
737 3343 844 3425 nigras
859 3354 970 3428 posset
984 3354 1148 3427 penetrare
1163 3344 1320 3407 latebras:

536 3446 581 3509 Et
595 3446 754 3509 redivivus
769 3444 845 3507 item
859 3444 1082 3529 splendentem
1098 3466 1228 3509 cernere
1243 3445 1353 3508 solem.

535 3546 650 3611 Edidit
664 3547 828 3630 extemplo
841 3546 922 3609 lethi
936 3544 1066 3611 decreta
1080 3568 1257 3629 resurgens,

535 3651 716 3715 Poshumus
727 3649 874 3729 angelica
887 3648 1027 3734 prodens
1043 3648 1192 3731 suffragia
1205 3648 1315 3712 turbis.

578 3754 632 3817 En
646 3753 761 3815 iterum
776 3751 879 3814 sancti
894 3750 1026 3834 stropha
1040 3750 1222 3814 stimulante
1237 3748 1396 3825 draconis,

537 3856 695 3937 Martyres
709 3853 742 3915 in
758 3874 860 3935 cupas
875 3864 1060 3933 merguntur
1075 3852 1184 3915 fomite
1200 3851 1309 3927 farsas,

537 3960 577 4022 1u
592 3957 709 4041 quibus
722 3968 791 4019 atra
805 3954 888 4038 picis
903 3975 1007 4019 massa
1023 3956 1209 4036 flagraverat
1223 3951 1348 4028 ardens,

536 4060 607 4123 Nec
622 4080 689 4122 non
705 4058 891 4140 sulphureas
905 4067 1033 4120 ructant
1046 4054 1196 4120 incendia
1210 4054 1366 4129 flammas,

535 4160 583 4227 Et
596 4169 826 4224 sarmentorum
842 4159 1037 4221 comburunt
1050 4157 1169 4241 pabula
1183 4156 1270 4239 pagi,

538 4264 652 4327 Donec
667 4263 701 4325 in
717 4260 863 4324 aetherias
877 4261 1006 4323 flamma
1022 4266 1239 4343 prorumperet
1253 4278 1333 4323 oras.

539 4364 606 4431 Sed
621 4374 726 4427 tamen
742 4363 887 4427 insontes
902 4361 1024 4426 Christi
1040 4360 1191 4443 suffragia
1205 4360 1334 4439 vallant,

538 4466 632 4530 Lieia
646 4475 722 4528 tunc
737 4462 856 4547 digitos
870 4464 944 4527 oleo
962 4461 1123 4526 madentia
1137 4470 1282 4541 nectunt,

537 4566 601 4641 Qui
617 4586 695 4628 mox
710 4565 795 4645 iguis
810 4564 894 4627 edax
910 4564 1048 4627 flammis
1064 4563 1239 4628 combussit
1254 4563 1396 4627 acerbis:
