3759 5425
625 716 1096 766 namnnrunsvrnorsrrarrs.
1345 707 1382 766 61

334 869 485 952 purpurei
502 869 625 933 cruoris
644 871 758 935 rubore
779 873 917 956 perlusa,
932 873 1170 938 immaculatam
1185 871 1389 954 Virginitatis

334 967 497 1032 victimam
524 969 655 1034 Christo
677 972 814 1036 offerens
836 973 1075 1057 martyrizarit3
1106 970 1198 1055 cujus
1220 974 1332 1036 tumba
1352 973 1386 1036 in

334 1068 512 1131 coemiterio
533 1069 643 1153 posita
661 1071 879 1152 gravissimam
901 1071 1125 1137 Constantium
1140 1071 1283 1153 Virginis
1303 1073 1388 1137 vale-

334 1167 491 1246 tudinem,
503 1168 597 1254 cujus
611 1171 807 1236 mentionem
820 1174 904 1238 infra
918 1174 1154 1252 caraxabimus,
1164 1177 1252 1238 velut
1266 1177 1389 1241 coelesti

335 1268 550 1333 medicamine
564 1271 662 1334 fotam
677 1273 890 1337 incolumitati
903 1275 1048 1357 pristinae
1062 1276 1207 1340 restituit

377 1370 500 1434 XLVI.
534 1372 673 1434 Necnon
702 1375 796 1438 etiam
827 1375 982 1456 gloriosas
1012 1376 1182 1440 illustrium
1211 1379 1389 1460 puellarum

334 1491 500 1553 personas,
515 1471 626 1536 Teclae
643 1481 676 1536 et
690 1474 828 1538 Eulaliae
850 1475 892 1538 ad
914 1476 1046 1540 formam
1065 1477 1230 1559 virginalis
1250 1482 1390 1547 materias

336 1584 555 1650 congruentes
575 1574 735 1656 praeterire
749 1575 990 1640 incommodum
1007 1576 1108 1654 duxi3
1139 1601 1272 1663 quarum
1289 1581 1391 1646 Tecla

338 1671 454 1737 devota
472 1672 594 1737 Christi
610 1673 810 1758 virguncula,
830 1698 907 1740 cum
928 1677 1124 1762 desponsata
1145 1681 1250 1764 primo
1272 1682 1389 1765 pubes-

336 1787 423 1836 cerat
444 1795 514 1836 aevo
542 1785 575 1838 et
604 1777 702 1839 castis
730 1775 896 1860 pudicitiae
925 1779 1068 1842 moribus
1098 1779 1239 1844 nondum
1271 1782 1390 1847 laracri

337 1876 524 1959 baptisterio
539 1889 650 1940 renata
663 1876 871 1942 adolesceret.
917 1878 1037 1944 Audita
1057 1880 1176 1962 egregii
1192 1880 1390 1964 dogmatista

337 1978 483 2041 doctriua
513 1977 554 2040 dc
591 1979 782 2060 integritatis
812 1979 898 2043 dono
928 1980 1124 2055 disserentis,
1152 2001 1214 2044 uec
1243 1982 1392 2046 maternis

337 2091 452 2142 coacta
479 2077 721 2156 blandimentis,
750 2099 811 2142 nec
841 2079 935 2144 Proci
965 2082 1132 2165 compulsa
1159 2081 1321 2165 precibus,
1350 2081 1392 2148 ad

338 2181 420 2244 thori
451 2181 673 2257 contubernia,
698 2191 731 2244 et
758 2181 916 2264 nuptialia
945 2181 1083 2246 triclinia
1111 2182 1295 2262 inclinatur,
1318 2205 1390 2268 quae

339 2294 412 2345 ante
427 2282 600 2346 theatrales
622 2283 803 2365 spectaculi
825 2284 943 2348 clatros
960 2285 1101 2348 cruentis
1124 2285 1311 2350 camificum
1326 2307 1392 2350 ma·

338 2384 434 2446 nibus
449 2383 570 2456 adlata,
586 2394 622 2444 ut
642 2381 807 2466 pudicitiae
823 2385 954 2466 praemio
976 2383 1151 2468 privaretur
1171 2385 1265 2449 eulxe
1287 2386 1393 2448 niten-

339 2483 435 2560 tibus,
450 2483 485 2545 in
509 2482 658 2565 disrupta
672 2494 780 2546 tamen
795 2485 950 2550 nasutatis
965 2483 1152 2568 crepundia,
1166 2497 1198 2548 et
1218 2486 1393 2571 pretiosam

340 2580 541 2664 virginitatis
556 2582 671 2645 stolam
694 2582 776 2645 inter
790 2603 916 2646 severos
930 2585 1061 2646 leonum
1077 2584 1210 2665 rugitus,
1225 2595 1258 2648 et
1271 2585 1394 2650 feroces

339 2685 456 2749 ursinae
482 2683 668 2768 rapacitatis
696 2684 796 2748 rictus
823 2685 952 2751 Christo
981 2685 1196 2769 patrocinium
1219 2695 1393 2770 prestante

339 2788 558 2851 inviolabilem
588 2790 796 2852 conservarit.
853 2788 917 2853 Sed
941 2801 974 2852 et
1000 2788 1193 2872 crepitantes
1215 2788 1393 2855 enormium

339 2911 486 2973 rogorum
516 2902 618 2953 torres
646 2901 679 2953 et
713 2891 883 2955 semiustas
916 2911 1065 2975 pyrarum
1094 2890 1217 2955 faculas
1254 2892 1394 2957 coelestis

340 2994 520 3057 clementiae
535 2993 680 3057 sontibus
693 2994 865 3058 restinctas
878 2994 1051 3058 incolumis
1066 3014 1105 3057 ac
1120 3014 1232 3077 sospes
1245 2994 1394 3061 Ioeliciter

339 3095 450 3158 erasit.
495 3094 626 3157 Eulalia
640 3115 713 3157 sero
737 3094 861 3179 duplici
876 3095 1011 3179 praedita
1024 3095 1197 3180 triumpho,
1212 3106 1245 3160 et
1263 3097 1393 3178 gemino

340 3209 451 3260 ornata
473 3195 610 3279 tropheo
636 3215 765 3261 cursum
787 3208 1045 3262 consummatura
1064 3210 1096 3262 et
1118 3197 1215 3262 fidem
1235 3206 1395 3263 servatura

340 3298 465 3363 coelesti
475 3298 659 3361 inscribitur
672 3300 756 3363 albo.
794 3299 879 3361 Nam
894 3308 970 3381 post
982 3299 1183 3380 rumigerula
1194 3298 1395 3380 virginitatis

341 3401 483 3482 gloriam,
493 3422 558 3486 qua
566 3401 704 3465 carnalis
713 3402 832 3465 cloacae
842 3404 1010 3486 spurcitias
1020 3402 1194 3479 exhorruit,
1203 3412 1235 3465 et
1243 3402 1395 3485 nuptialis

342 3503 468 3585 copulae
483 3499 695 3563 contubernia
709 3501 841 3583 sprevit,
855 3500 897 3565 ad
912 3503 1083 3583 gloriosam
1098 3500 1240 3582 martyrii
1254 3501 1394 3583 palmam

341 3602 489 3666 soeliciter
502 3599 658 3683 pervenit.

384 3703 526 3767 XLVII.
550 3702 649 3764 Porro
673 3701 874 3766 Scholastica
896 3724 934 3767 ac
958 3701 1122 3766 Christian
1147 3701 1305 3785 simulque
1327 3702 1395 3764 Do·

343 3804 453 3867 rothea
473 3802 563 3887 apud
579 3801 755 3868 Caesariam
775 3803 911 3865 oriunda
929 3803 962 3865 in
981 3801 1145 3885 provincia
1167 3802 1396 3887 Cappadociae,

343 3907 418 3971 licet
441 3906 563 3989 dispari
585 3908 776 3969 saeculorum
795 3906 876 3969 serie
898 3913 1181 3989 sequestrarentur,
1200 3903 1270 3989 pari
1288 3916 1395 3970 tamen

343 4008 534 4090 integritatis
556 4006 638 4069 tiara
654 4027 673 4069 a
688 4007 819 4072 Christo
840 4007 1085 4071 coronabantur.
1130 4008 1271 4080 Quarum
1292 4007 1397 4090 prima

343 4111 402 4174 sub
431 4107 646 4173 consessionis
674 4109 778 4186 titulo,
804 4109 882 4172 licet
910 4118 1051 4171 cmentre
1081 4106 1241 4190 passionis
1266 4106 1395 4169 occasio

344 4210 509 4287 defuisset,
526 4210 561 4271 iu
585 4210 747 4275 consortio
766 4208 1006 4273 Catholicorum
1028 4206 1230 4271 landabiliter
1250 4207 1397 4291 degebat,

344 4323 376 4378 et
402 4316 437 4378 in
468 4325 534 4377 tam
557 4313 714 4395 praecelso
736 4311 883 4395 puritatis
904 4310 1031 4391 fastigio
1054 4308 1242 4388 fulminavit,
1265 4319 1301 4374 ut
1321 4332 1397 4376 cum

343 4416 459 4478 unicus
488 4430 670 4495 germanus,
695 4430 791 4495 quem
819 4408 969 4473 subnixis
997 4406 1147 4490 precibus
1172 4407 1267 4471 unius
1292 4408 1398 4473 noctis

344 4512 621 4599 intercapedinem
651 4522 830 4595 opportune
854 4519 1058 4593 poposcerat,
1081 4509 1299 4591 obtemporare
1327 4528 1396 4593 per-
