<?xml version="1.0" encoding="UTF-8"?>
<!DOCTYPE html PUBLIC "-//W3C//DTD XHTML 1.0 Transitional//EN"
    "http://www.w3.org/TR/xhtml1/DTD/xhtml1-transitional.dtd">
<html xmlns="http://www.w3.org/1999/xhtml" xml:lang="en" lang="en">
 <head>
  <title>
</title>
<meta http-equiv="Content-Type" content="text/html;charset=utf-8" />
  <meta name='ocr-system' content='tesseract 3.04.00' />
  <meta name='ocr-capabilities' content='ocr_page ocr_carea ocr_par ocr_line ocrx_word'/>
</head>
<body>
  <div class='ocr_page' id='page_1' title='image "./operaquextantom00aldhgoog_0070.png"; bbox 0 0 3759 5425; ppageno 0'>
   <div class='ocr_carea' id='block_1_1' title="bbox 472 701 1171 761">
    <p class='ocr_par' dir='ltr' id='par_1_1' title="bbox 472 701 1171 761">
     <span class='ocr_line' id='line_1_1' title="bbox 472 701 1171 761; baseline 0 -1"><span class='ocrx_word' id='word_1_1' title='bbox 472 701 515 760; x_wconf 79' lang='lat' dir='ltr'><strong>tt</strong></span> <span class='ocrx_word' id='word_1_2' title='bbox 833 712 858 756; x_wconf 88' lang='lat' dir='ltr'><strong>s.</strong></span> <span class='ocrx_word' id='word_1_3' title='bbox 874 712 1052 760; x_wconf 73' lang='lat' dir='ltr'><strong>annuatur</strong></span> <span class='ocrx_word' id='word_1_4' title='bbox 1068 713 1171 761; x_wconf 80' lang='lat' dir='ltr'><strong>arnan</strong></span> 
     </span>
    </p>
   </div>
   <div class='ocr_carea' id='block_1_2' title="bbox 462 862 1527 4609">
    <p class='ocr_par' dir='ltr' id='par_1_2' title="bbox 467 862 1527 3897">
     <span class='ocr_line' id='line_1_2' title="bbox 471 862 1525 942; baseline 0.006 -16"><span class='ocrx_word' id='word_1_5' title='bbox 471 865 594 929; x_wconf 85' lang='lat' dir='ltr'><strong>valvam</strong></span> <span class='ocrx_word' id='word_1_6' title='bbox 631 862 813 942; x_wconf 85' lang='lat' dir='ltr'><strong>reserando,</strong></span> <span class='ocrx_word' id='word_1_7' title='bbox 843 867 1013 930; x_wconf 88' lang='lat' dir='ltr'><strong>surdorum</strong></span> <span class='ocrx_word' id='word_1_8' title='bbox 1042 868 1175 932; x_wconf 82' lang='lat' dir='ltr'><strong>auribus</strong></span> <span class='ocrx_word' id='word_1_9' title='bbox 1209 867 1393 932; x_wconf 88' lang='lat' dir='ltr'><strong>harmonias</strong></span> <span class='ocrx_word' id='word_1_10' title='bbox 1419 889 1525 932; x_wconf 88' lang='lat' dir='ltr'><strong>rerum</strong></span> 
     </span>
     <span class='ocr_line' id='line_1_3' title="bbox 470 967 1525 1053; baseline 0.004 -24"><span class='ocrx_word' id='word_1_11' title='bbox 470 967 688 1044; x_wconf 89' lang='lat' dir='ltr'><strong>restaurando,</strong></span> <span class='ocrx_word' id='word_1_12' title='bbox 707 967 813 1030; x_wconf 80' lang='lat' dir='ltr'><strong>balbis</strong></span> <span class='ocrx_word' id='word_1_13' title='bbox 837 978 871 1030; x_wconf 88' lang='lat' dir='ltr'><strong>et</strong></span> <span class='ocrx_word' id='word_1_14' title='bbox 889 968 998 1032; x_wconf 70' lang='lat' dir='ltr'><strong>blaesis</strong></span> <span class='ocrx_word' id='word_1_15' title='bbox 1019 967 1245 1032; x_wconf 82' lang='lat' dir='ltr'><strong>rectitudinem</strong></span> <span class='ocrx_word' id='word_1_16' title='bbox 1267 970 1405 1053; x_wconf 75' lang='lat' dir='ltr'><strong>loquelas</strong></span> <span class='ocrx_word' id='word_1_17' title='bbox 1429 970 1525 1052; x_wconf 89' lang='lat' dir='ltr'><strong>largi·</strong></span> 
     </span>
     <span class='ocr_line' id='line_1_4' title="bbox 471 1066 1526 1154; baseline 0.004 -23"><span class='ocrx_word' id='word_1_18' title='bbox 471 1066 567 1142; x_wconf 91' lang='lat' dir='ltr'><strong>endo,</strong></span> <span class='ocrx_word' id='word_1_19' title='bbox 584 1067 718 1132; x_wconf 88' lang='lat' dir='ltr'><strong>claudos</strong></span> <span class='ocrx_word' id='word_1_20' title='bbox 732 1079 764 1132; x_wconf 88' lang='lat' dir='ltr'><strong>et</strong></span> <span class='ocrx_word' id='word_1_21' title='bbox 779 1090 910 1134; x_wconf 91' lang='lat' dir='ltr'><strong>mancos</strong></span> <span class='ocrx_word' id='word_1_22' title='bbox 923 1069 1138 1136; x_wconf 72' lang='lat' dir='ltr'><strong>incolumitati</strong></span> <span class='ocrx_word' id='word_1_23' title='bbox 1158 1069 1301 1154; x_wconf 74' lang='lat' dir='ltr'><strong>pristinae</strong></span> <span class='ocrx_word' id='word_1_24' title='bbox 1315 1071 1526 1149; x_wconf 89' lang='lat' dir='ltr'><strong>restituendo,</strong></span> 
     </span>
     <span class='ocr_line' id='line_1_5' title="bbox 469 1172 1525 1253; baseline 0 -18"><span class='ocrx_word' id='word_1_25' title='bbox 469 1173 697 1252; x_wconf 78' lang='lat' dir='ltr'><strong>inergumenos</strong></span> <span class='ocrx_word' id='word_1_26' title='bbox 712 1181 745 1234; x_wconf 90' lang='lat' dir='ltr'><strong>et</strong></span> <span class='ocrx_word' id='word_1_27' title='bbox 754 1172 981 1236; x_wconf 82' lang='lat' dir='ltr'><strong>scotomaticos</strong></span> <span class='ocrx_word' id='word_1_28' title='bbox 994 1172 1177 1235; x_wconf 90' lang='lat' dir='ltr'><strong>meritorum</strong></span> <span class='ocrx_word' id='word_1_29' title='bbox 1189 1172 1290 1253; x_wconf 88' lang='lat' dir='ltr'><strong>gratia</strong></span> <span class='ocrx_word' id='word_1_30' title='bbox 1302 1172 1525 1247; x_wconf 81' lang='lat' dir='ltr'><strong>refocillando,</strong></span> 
     </span>
     <span class='ocr_line' id='line_1_6' title="bbox 469 1272 1524 1358; baseline 0 -20"><span class='ocrx_word' id='word_1_31' title='bbox 469 1274 559 1358; x_wconf 90' lang='lat' dir='ltr'><strong>ipsos</strong></span> <span class='ocrx_word' id='word_1_32' title='bbox 584 1272 682 1337; x_wconf 89' lang='lat' dir='ltr'><strong>etiam</strong></span> <span class='ocrx_word' id='word_1_33' title='bbox 703 1274 838 1338; x_wconf 76' lang='lat' dir='ltr'><strong>sonunae</strong></span> <span class='ocrx_word' id='word_1_34' title='bbox 868 1274 998 1338; x_wconf 89' lang='lat' dir='ltr'><strong>casibus</strong></span> <span class='ocrx_word' id='word_1_35' title='bbox 1019 1294 1191 1357; x_wconf 90' lang='lat' dir='ltr'><strong>oppressos</strong></span> <span class='ocrx_word' id='word_1_36' title='bbox 1213 1273 1255 1338; x_wconf 90' lang='lat' dir='ltr'><strong>ad</strong></span> <span class='ocrx_word' id='word_1_37' title='bbox 1276 1295 1411 1358; x_wconf 89' lang='lat' dir='ltr'><strong>superos</strong></span> <span class='ocrx_word' id='word_1_38' title='bbox 1432 1296 1524 1338; x_wconf 85' lang='lat' dir='ltr'><strong>rere·</strong></span> 
     </span>
     <span class='ocr_line' id='line_1_7' title="bbox 470 1375 1526 1460; baseline 0.002 -20"><span class='ocrx_word' id='word_1_39' title='bbox 470 1375 584 1440; x_wconf 89' lang='lat' dir='ltr'><strong>cando.</strong></span> <span class='ocrx_word' id='word_1_40' title='bbox 630 1377 848 1440; x_wconf 85' lang='lat' dir='ltr'><strong>Vemntamcn</strong></span> <span class='ocrx_word' id='word_1_41' title='bbox 871 1375 1096 1460; x_wconf 86' lang='lat' dir='ltr'><strong>hujuscemodi</strong></span> <span class='ocrx_word' id='word_1_42' title='bbox 1120 1376 1270 1440; x_wconf 83' lang='lat' dir='ltr'><strong>virtutum</strong></span> <span class='ocrx_word' id='word_1_43' title='bbox 1300 1375 1526 1442; x_wconf 84' lang='lat' dir='ltr'><strong>munificentia</strong></span> 
     </span>
     <span class='ocr_line' id='line_1_8' title="bbox 469 1475 1527 1562; baseline -0.002 -20"><span class='ocrx_word' id='word_1_44' title='bbox 469 1478 608 1562; x_wconf 68' lang='lat' dir='ltr'><strong>praediti,</strong></span> <span class='ocrx_word' id='word_1_45' title='bbox 620 1499 685 1540; x_wconf 92' lang='lat' dir='ltr'><strong>non</strong></span> <span class='ocrx_word' id='word_1_46' title='bbox 702 1477 894 1560; x_wconf 80' lang='lat' dir='ltr'><strong>philargiriae</strong></span> <span class='ocrx_word' id='word_1_47' title='bbox 906 1476 1112 1554; x_wconf 90' lang='lat' dir='ltr'><strong>commercio,</strong></span> <span class='ocrx_word' id='word_1_48' title='bbox 1121 1475 1178 1540; x_wconf 89' lang='lat' dir='ltr'><strong>sed</strong></span> <span class='ocrx_word' id='word_1_49' title='bbox 1189 1477 1325 1558; x_wconf 87' lang='lat' dir='ltr'><strong>gratuita</strong></span> <span class='ocrx_word' id='word_1_50' title='bbox 1334 1478 1527 1541; x_wconf 88' lang='lat' dir='ltr'><strong>liberalitate</strong></span> 
     </span>
     <span class='ocr_line' id='line_1_9' title="bbox 469 1580 1526 1664; baseline 0.003 -20"><span class='ocrx_word' id='word_1_51' title='bbox 469 1591 612 1664; x_wconf 85' lang='lat' dir='ltr'><strong>optatam</strong></span> <span class='ocrx_word' id='word_1_52' title='bbox 635 1580 862 1662; x_wconf 74' lang='lat' dir='ltr'><strong>egrotantibus</strong></span> <span class='ocrx_word' id='word_1_53' title='bbox 886 1581 1073 1664; x_wconf 76' lang='lat' dir='ltr'><strong>sospitatem</strong></span> <span class='ocrx_word' id='word_1_54' title='bbox 1096 1582 1303 1644; x_wconf 91' lang='lat' dir='ltr'><strong>contulerunt</strong></span> <span class='ocrx_word' id='word_1_55' title='bbox 1321 1581 1526 1663; x_wconf 80' lang='lat' dir='ltr'><strong>Euangeliou</strong></span> 
     </span>
     <span class='ocr_line' id='line_1_10' title="bbox 470 1681 1525 1764; baseline 0 -18"><span class='ocrx_word' id='word_1_56' title='bbox 470 1681 705 1746; x_wconf 80' lang='lat' dir='ltr'><strong>concordantes</strong></span> <span class='ocrx_word' id='word_1_57' title='bbox 734 1682 884 1745; x_wconf 88' lang='lat' dir='ltr'><strong>oraculo:</strong></span> <span class='ocrx_word' id='word_1_58' title='bbox 930 1682 1046 1745; x_wconf 81' lang='lat' dir='ltr'><strong>Gratis</strong></span> <span class='ocrx_word' id='word_1_59' title='bbox 1080 1684 1265 1764; x_wconf 78' lang='lat' dir='ltr'><strong>accepistis,</strong></span> <span class='ocrx_word' id='word_1_60' title='bbox 1296 1684 1407 1762; x_wconf 73' lang='lat' dir='ltr'><strong>protis</strong></span> <span class='ocrx_word' id='word_1_61' title='bbox 1435 1683 1525 1746; x_wconf 83' lang='lat' dir='ltr'><strong>dote.</strong></span> 
     </span>
     <span class='ocr_line' id='line_1_11' title="bbox 470 1781 1523 1868; baseline 0.002 -22"><span class='ocrx_word' id='word_1_62' title='bbox 470 1785 599 1847; x_wconf 85' lang='lat' dir='ltr'><strong>Interea</strong></span> <span class='ocrx_word' id='word_1_63' title='bbox 612 1781 839 1867; x_wconf 84' lang='lat' dir='ltr'><strong>praedictomm</strong></span> <span class='ocrx_word' id='word_1_64' title='bbox 855 1792 1047 1868; x_wconf 86' lang='lat' dir='ltr'><strong>tempestate</strong></span> <span class='ocrx_word' id='word_1_65' title='bbox 1062 1794 1314 1866; x_wconf 86' lang='lat' dir='ltr'><strong>persecutorum,</strong></span> <span class='ocrx_word' id='word_1_66' title='bbox 1328 1806 1403 1848; x_wconf 87' lang='lat' dir='ltr'><strong>curn</strong></span> <span class='ocrx_word' id='word_1_67' title='bbox 1418 1785 1523 1848; x_wconf 87' lang='lat' dir='ltr'><strong>sancti</strong></span> 
     </span>
     <span class='ocr_line' id='line_1_12' title="bbox 468 1887 1524 1968; baseline 0.001 -18"><span class='ocrx_word' id='word_1_68' title='bbox 468 1895 634 1968; x_wconf 84' lang='lat' dir='ltr'><strong>martyres,</strong></span> <span class='ocrx_word' id='word_1_69' title='bbox 659 1897 694 1950; x_wconf 91' lang='lat' dir='ltr'><strong>nt</strong></span> <span class='ocrx_word' id='word_1_70' title='bbox 717 1907 795 1949; x_wconf 84' lang='lat' dir='ltr'><strong>oves</strong></span> <span class='ocrx_word' id='word_1_71' title='bbox 820 1887 995 1950; x_wconf 83' lang='lat' dir='ltr'><strong>occisionis</strong></span> <span class='ocrx_word' id='word_1_72' title='bbox 1017 1887 1158 1950; x_wconf 86' lang='lat' dir='ltr'><strong>cruentis</strong></span> <span class='ocrx_word' id='word_1_73' title='bbox 1184 1887 1374 1952; x_wconf 85' lang='lat' dir='ltr'><strong>carnificum</strong></span> <span class='ocrx_word' id='word_1_74' title='bbox 1398 1908 1524 1951; x_wconf 90' lang='lat' dir='ltr'><strong>mucro·</strong></span> 
     </span>
     <span class='ocr_line' id='line_1_13' title="bbox 469 1987 1523 2071; baseline 0.003 -22"><span class='ocrx_word' id='word_1_75' title='bbox 469 1987 566 2050; x_wconf 89' lang='lat' dir='ltr'><strong>nibus</strong></span> <span class='ocrx_word' id='word_1_76' title='bbox 580 1995 804 2065; x_wconf 85' lang='lat' dir='ltr'><strong>mactarentur,</strong></span> <span class='ocrx_word' id='word_1_77' title='bbox 819 1997 851 2050; x_wconf 89' lang='lat' dir='ltr'><strong>et</strong></span> <span class='ocrx_word' id='word_1_78' title='bbox 865 2006 1070 2071; x_wconf 87' lang='lat' dir='ltr'><strong>nequaquam</strong></span> <span class='ocrx_word' id='word_1_79' title='bbox 1086 1989 1283 2052; x_wconf 87' lang='lat' dir='ltr'><strong>consternati</strong></span> <span class='ocrx_word' id='word_1_80' title='bbox 1299 1987 1523 2052; x_wconf 79' lang='lat' dir='ltr'><strong>Ecclesiamm</strong></span> 
     </span>
     <span class='ocr_line' id='line_1_14' title="bbox 470 2089 1525 2174; baseline 0.003 -21"><span class='ocrx_word' id='word_1_81' title='bbox 470 2089 608 2166; x_wconf 84' lang='lat' dir='ltr'><strong>athletae,</strong></span> <span class='ocrx_word' id='word_1_82' title='bbox 620 2089 706 2152; x_wconf 90' lang='lat' dir='ltr'><strong>velut</strong></span> <span class='ocrx_word' id='word_1_83' title='bbox 717 2089 752 2152; x_wconf 92' lang='lat' dir='ltr'><strong>in</strong></span> <span class='ocrx_word' id='word_1_84' title='bbox 762 2099 934 2153; x_wconf 84' lang='lat' dir='ltr'><strong>scammate</strong></span> <span class='ocrx_word' id='word_1_85' title='bbox 944 2091 1156 2174; x_wconf 86' lang='lat' dir='ltr'><strong>palestrarum</strong></span> <span class='ocrx_word' id='word_1_86' title='bbox 1166 2090 1375 2154; x_wconf 89' lang='lat' dir='ltr'><strong>luctarentur:</strong></span> <span class='ocrx_word' id='word_1_87' title='bbox 1394 2091 1525 2174; x_wconf 90' lang='lat' dir='ltr'><strong>quantis</strong></span> 
     </span>
     <span class='ocr_line' id='line_1_15' title="bbox 470 2188 1524 2274; baseline 0.001 -20"><span class='ocrx_word' id='word_1_88' title='bbox 470 2199 503 2254; x_wconf 89' lang='lat' dir='ltr'><strong>et</strong></span> <span class='ocrx_word' id='word_1_89' title='bbox 517 2188 666 2273; x_wconf 85' lang='lat' dir='ltr'><strong>qualibus</strong></span> <span class='ocrx_word' id='word_1_90' title='bbox 681 2189 806 2274; x_wconf 83' lang='lat' dir='ltr'><strong>proefati</strong></span> <span class='ocrx_word' id='word_1_91' title='bbox 821 2191 1020 2254; x_wconf 86' lang='lat' dir='ltr'><strong>confessores</strong></span> <span class='ocrx_word' id='word_1_92' title='bbox 1034 2189 1122 2254; x_wconf 90' lang='lat' dir='ltr'><strong>Lisia</strong></span> <span class='ocrx_word' id='word_1_93' title='bbox 1144 2210 1203 2272; x_wconf 88' lang='lat' dir='ltr'><strong>pro</strong></span> <span class='ocrx_word' id='word_1_94' title='bbox 1219 2190 1370 2254; x_wconf 86' lang='lat' dir='ltr'><strong>tribunali</strong></span> <span class='ocrx_word' id='word_1_95' title='bbox 1389 2191 1524 2256; x_wconf 87' lang='lat' dir='ltr'><strong>sedente</strong></span> 
     </span>
     <span class='ocr_line' id='line_1_16' title="bbox 470 2292 1523 2378; baseline 0.001 -21"><span class='ocrx_word' id='word_1_96' title='bbox 470 2293 700 2378; x_wconf 88' lang='lat' dir='ltr'><strong>suppliciorum</strong></span> <span class='ocrx_word' id='word_1_97' title='bbox 737 2292 1005 2357; x_wconf 87' lang='lat' dir='ltr'><strong>machinamentis</strong></span> <span class='ocrx_word' id='word_1_98' title='bbox 1039 2301 1272 2376; x_wconf 87' lang='lat' dir='ltr'><strong>torquerentur,</strong></span> <span class='ocrx_word' id='word_1_99' title='bbox 1299 2292 1373 2375; x_wconf 91' lang='lat' dir='ltr'><strong>quis</strong></span> <span class='ocrx_word' id='word_1_100' title='bbox 1407 2293 1523 2358; x_wconf 88' lang='lat' dir='ltr'><strong>referre</strong></span> 
     </span>
     <span class='ocr_line' id='line_1_17' title="bbox 469 2391 1524 2478; baseline -0.001 -19"><span class='ocrx_word' id='word_1_101' title='bbox 469 2391 630 2460; x_wconf 88' lang='lat' dir='ltr'><strong>sufficiat?</strong></span> <span class='ocrx_word' id='word_1_102' title='bbox 669 2395 838 2478; x_wconf 86' lang='lat' dir='ltr'><strong>Siquidem</strong></span> <span class='ocrx_word' id='word_1_103' title='bbox 860 2394 967 2477; x_wconf 84' lang='lat' dir='ltr'><strong>ligatis</strong></span> <span class='ocrx_word' id='word_1_104' title='bbox 987 2394 1125 2472; x_wconf 84' lang='lat' dir='ltr'><strong>lacertis,</strong></span> <span class='ocrx_word' id='word_1_105' title='bbox 1146 2405 1179 2456; x_wconf 90' lang='lat' dir='ltr'><strong>et</strong></span> <span class='ocrx_word' id='word_1_106' title='bbox 1201 2394 1358 2457; x_wconf 82' lang='lat' dir='ltr'><strong>connexis</strong></span> <span class='ocrx_word' id='word_1_107' title='bbox 1378 2414 1524 2458; x_wconf 87' lang='lat' dir='ltr'><strong>surarum</strong></span> 
     </span>
     <span class='ocr_line' id='line_1_18' title="bbox 469 2492 1524 2581; baseline -0.002 -20"><span class='ocrx_word' id='word_1_108' title='bbox 469 2498 599 2562; x_wconf 87' lang='lat' dir='ltr'><strong>artubus</strong></span> <span class='ocrx_word' id='word_1_109' title='bbox 614 2497 648 2559; x_wconf 93' lang='lat' dir='ltr'><strong>in</strong></span> <span class='ocrx_word' id='word_1_110' title='bbox 668 2497 830 2578; x_wconf 84' lang='lat' dir='ltr'><strong>profunda</strong></span> <span class='ocrx_word' id='word_1_111' title='bbox 848 2497 955 2581; x_wconf 84' lang='lat' dir='ltr'><strong>pelagi</strong></span> <span class='ocrx_word' id='word_1_112' title='bbox 978 2498 1089 2559; x_wconf 89' lang='lat' dir='ltr'><strong>flustra</strong></span> <span class='ocrx_word' id='word_1_113' title='bbox 1109 2495 1284 2571; x_wconf 89' lang='lat' dir='ltr'><strong>demersos,</strong></span> <span class='ocrx_word' id='word_1_114' title='bbox 1298 2492 1356 2558; x_wconf 90' lang='lat' dir='ltr'><strong>sed</strong></span> <span class='ocrx_word' id='word_1_115' title='bbox 1375 2497 1524 2578; x_wconf 89' lang='lat' dir='ltr'><strong>angelico</strong></span> 
     </span>
     <span class='ocr_line' id='line_1_19' title="bbox 469 2593 1522 2678; baseline -0.007 -15"><span class='ocrx_word' id='word_1_116' title='bbox 469 2599 566 2663; x_wconf 82' lang='lat' dir='ltr'><strong>fultos</strong></span> <span class='ocrx_word' id='word_1_117' title='bbox 590 2597 739 2678; x_wconf 84' lang='lat' dir='ltr'><strong>suffragio</strong></span> <span class='ocrx_word' id='word_1_118' title='bbox 766 2599 863 2660; x_wconf 84' lang='lat' dir='ltr'><strong>effera</strong></span> <span class='ocrx_word' id='word_1_119' title='bbox 888 2597 1046 2660; x_wconf 86' lang='lat' dir='ltr'><strong>fluctuum</strong></span> <span class='ocrx_word' id='word_1_120' title='bbox 1071 2594 1220 2657; x_wconf 83' lang='lat' dir='ltr'><strong>ferocitas</strong></span> <span class='ocrx_word' id='word_1_121' title='bbox 1246 2593 1430 2674; x_wconf 88' lang='lat' dir='ltr'><strong>contingere</strong></span> <span class='ocrx_word' id='word_1_122' title='bbox 1455 2614 1522 2656; x_wconf 93' lang='lat' dir='ltr'><strong>non</strong></span> 
     </span>
     <span class='ocr_line' id='line_1_20' title="bbox 470 2695 1523 2778; baseline -0.006 -13"><span class='ocrx_word' id='word_1_123' title='bbox 470 2699 603 2778; x_wconf 89' lang='lat' dir='ltr'><strong>audens,</strong></span> <span class='ocrx_word' id='word_1_124' title='bbox 631 2700 751 2763; x_wconf 73' lang='lat' dir='ltr'><strong>illaesos</strong></span> <span class='ocrx_word' id='word_1_125' title='bbox 778 2696 939 2763; x_wconf 89' lang='lat' dir='ltr'><strong>littoribus</strong></span> <span class='ocrx_word' id='word_1_126' title='bbox 966 2695 1113 2761; x_wconf 84' lang='lat' dir='ltr'><strong>restituit</strong></span> <span class='ocrx_word' id='word_1_127' title='bbox 1173 2695 1297 2759; x_wconf 84' lang='lat' dir='ltr'><strong>Rursus</strong></span> <span class='ocrx_word' id='word_1_128' title='bbox 1325 2695 1523 2759; x_wconf 88' lang='lat' dir='ltr'><strong>truculentus</strong></span> 
     </span>
     <span class='ocr_line' id='line_1_21' title="bbox 470 2795 1522 2886; baseline -0.004 -21"><span class='ocrx_word' id='word_1_129' title='bbox 470 2822 600 2886; x_wconf 80' lang='lat' dir='ltr'><strong>praeses,</strong></span> <span class='ocrx_word' id='word_1_130' title='bbox 615 2812 680 2863; x_wconf 80' lang='lat' dir='ltr'><strong>tam</strong></span> <span class='ocrx_word' id='word_1_131' title='bbox 696 2800 783 2863; x_wconf 91' lang='lat' dir='ltr'><strong>claro</strong></span> <span class='ocrx_word' id='word_1_132' title='bbox 806 2808 988 2863; x_wconf 89' lang='lat' dir='ltr'><strong>sanctornm</strong></span> <span class='ocrx_word' id='word_1_133' title='bbox 1008 2808 1159 2881; x_wconf 88' lang='lat' dir='ltr'><strong>tyronum</strong></span> <span class='ocrx_word' id='word_1_134' title='bbox 1179 2795 1342 2879; x_wconf 91' lang='lat' dir='ltr'><strong>triumpho</strong></span> <span class='ocrx_word' id='word_1_135' title='bbox 1366 2798 1522 2861; x_wconf 87' lang='lat' dir='ltr'><strong>confusus</strong></span> 
     </span>
     <span class='ocr_line' id='line_1_22' title="bbox 470 2898 1523 2981; baseline -0.004 -16"><span class='ocrx_word' id='word_1_136' title='bbox 470 2912 503 2966; x_wconf 91' lang='lat' dir='ltr'><strong>et</strong></span> <span class='ocrx_word' id='word_1_137' title='bbox 517 2902 711 2977; x_wconf 87' lang='lat' dir='ltr'><strong>confutatus,</strong></span> <span class='ocrx_word' id='word_1_138' title='bbox 726 2900 854 2963; x_wconf 89' lang='lat' dir='ltr'><strong>eosdem</strong></span> <span class='ocrx_word' id='word_1_139' title='bbox 870 2901 904 2963; x_wconf 91' lang='lat' dir='ltr'><strong>in</strong></span> <span class='ocrx_word' id='word_1_140' title='bbox 920 2901 1084 2963; x_wconf 90' lang='lat' dir='ltr'><strong>clibanum</strong></span> <span class='ocrx_word' id='word_1_141' title='bbox 1099 2898 1238 2981; x_wconf 90' lang='lat' dir='ltr'><strong>plurimo</strong></span> <span class='ocrx_word' id='word_1_142' title='bbox 1252 2910 1523 2961; x_wconf 86' lang='lat' dir='ltr'><strong>sacramentorum</strong></span> 
     </span>
     <span class='ocr_line' id='line_1_23' title="bbox 469 2998 1523 3084; baseline -0.007 -16"><span class='ocrx_word' id='word_1_143' title='bbox 469 3003 578 3068; x_wconf 82' lang='lat' dir='ltr'><strong>fomite</strong></span> <span class='ocrx_word' id='word_1_144' title='bbox 608 3022 810 3079; x_wconf 86' lang='lat' dir='ltr'><strong>succensum,</strong></span> <span class='ocrx_word' id='word_1_145' title='bbox 834 3014 867 3065; x_wconf 84' lang='lat' dir='ltr'><strong>et</strong></span> <span class='ocrx_word' id='word_1_146' title='bbox 893 2999 1025 3065; x_wconf 84' lang='lat' dir='ltr'><strong>diversis</strong></span> <span class='ocrx_word' id='word_1_147' title='bbox 1049 2999 1196 3084; x_wconf 89' lang='lat' dir='ltr'><strong>stipitum</strong></span> <span class='ocrx_word' id='word_1_148' title='bbox 1223 2998 1391 3063; x_wconf 89' lang='lat' dir='ltr'><strong>titionibus</strong></span> <span class='ocrx_word' id='word_1_149' title='bbox 1419 2999 1523 3083; x_wconf 91' lang='lat' dir='ltr'><strong>crepi-</strong></span> 
     </span>
     <span class='ocr_line' id='line_1_24' title="bbox 469 3099 1522 3187; baseline -0.003 -19"><span class='ocrx_word' id='word_1_150' title='bbox 469 3114 589 3168; x_wconf 88' lang='lat' dir='ltr'><strong>tantem</strong></span> <span class='ocrx_word' id='word_1_151' title='bbox 601 3103 731 3166; x_wconf 88' lang='lat' dir='ltr'><strong>truciter</strong></span> <span class='ocrx_word' id='word_1_152' title='bbox 741 3102 826 3165; x_wconf 89' lang='lat' dir='ltr'><strong>trudi</strong></span> <span class='ocrx_word' id='word_1_153' title='bbox 841 3102 1007 3187; x_wconf 72' lang='lat' dir='ltr'><strong>praecepit</strong></span> <span class='ocrx_word' id='word_1_154' title='bbox 1044 3099 1522 3177; x_wconf 82' lang='lat' dir='ltr'><strong>Astillosrelutsalamandras,</strong></span> 
     </span>
     <span class='ocr_line' id='line_1_25' title="bbox 469 3203 1522 3291; baseline -0.002 -22"><span class='ocrx_word' id='word_1_155' title='bbox 469 3226 549 3291; x_wconf 88' lang='lat' dir='ltr'><strong>quas</strong></span> <span class='ocrx_word' id='word_1_156' title='bbox 567 3204 752 3269; x_wconf 88' lang='lat' dir='ltr'><strong>naturaliter</strong></span> <span class='ocrx_word' id='word_1_157' title='bbox 774 3214 929 3269; x_wconf 89' lang='lat' dir='ltr'><strong>torrentes</strong></span> <span class='ocrx_word' id='word_1_158' title='bbox 946 3224 1120 3288; x_wconf 89' lang='lat' dir='ltr'><strong>prunarum</strong></span> <span class='ocrx_word' id='word_1_159' title='bbox 1146 3203 1235 3284; x_wconf 90' lang='lat' dir='ltr'><strong>globi</strong></span> <span class='ocrx_word' id='word_1_160' title='bbox 1254 3222 1362 3265; x_wconf 86' lang='lat' dir='ltr'><strong>assare</strong></span> <span class='ocrx_word' id='word_1_161' title='bbox 1384 3203 1435 3265; x_wconf 85' lang='lat' dir='ltr'><strong>rel</strong></span> <span class='ocrx_word' id='word_1_162' title='bbox 1454 3224 1522 3267; x_wconf 89' lang='lat' dir='ltr'><strong>cre-</strong></span> 
     </span>
     <span class='ocr_line' id='line_1_26' title="bbox 469 3302 1522 3390; baseline -0.001 -20"><span class='ocrx_word' id='word_1_163' title='bbox 469 3315 554 3371; x_wconf 86' lang='lat' dir='ltr'><strong>mate</strong></span> <span class='ocrx_word' id='word_1_164' title='bbox 568 3314 733 3389; x_wconf 90' lang='lat' dir='ltr'><strong>nequeunt</strong></span> <span class='ocrx_word' id='word_1_165' title='bbox 748 3326 951 3390; x_wconf 87' lang='lat' dir='ltr'><strong>nequaquam</strong></span> <span class='ocrx_word' id='word_1_166' title='bbox 961 3306 1126 3386; x_wconf 87' lang='lat' dir='ltr'><strong>flagrantis</strong></span> <span class='ocrx_word' id='word_1_167' title='bbox 1141 3304 1260 3369; x_wconf 88' lang='lat' dir='ltr'><strong>camini</strong></span> <span class='ocrx_word' id='word_1_168' title='bbox 1269 3302 1423 3366; x_wconf 89' lang='lat' dir='ltr'><strong>incendia</strong></span> <span class='ocrx_word' id='word_1_169' title='bbox 1433 3324 1522 3369; x_wconf 89' lang='lat' dir='ltr'><strong>com·</strong></span> 
     </span>
     <span class='ocr_line' id='line_1_27' title="bbox 469 3406 1522 3490; baseline -0.001 -18"><span class='ocrx_word' id='word_1_170' title='bbox 469 3410 661 3473; x_wconf 73' lang='lat' dir='ltr'><strong>busseruntr</strong></span> <span class='ocrx_word' id='word_1_171' title='bbox 696 3408 775 3470; x_wconf 85' lang='lat' dir='ltr'><strong>exin</strong></span> <span class='ocrx_word' id='word_1_172' title='bbox 790 3409 893 3471; x_wconf 91' lang='lat' dir='ltr'><strong>eculei</strong></span> <span class='ocrx_word' id='word_1_173' title='bbox 915 3418 1075 3471; x_wconf 87' lang='lat' dir='ltr'><strong>tormento</strong></span> <span class='ocrx_word' id='word_1_174' title='bbox 1095 3418 1240 3482; x_wconf 84' lang='lat' dir='ltr'><strong>vexatos,</strong></span> <span class='ocrx_word' id='word_1_175' title='bbox 1255 3415 1288 3468; x_wconf 91' lang='lat' dir='ltr'><strong>et</strong></span> <span class='ocrx_word' id='word_1_176' title='bbox 1307 3406 1418 3485; x_wconf 89' lang='lat' dir='ltr'><strong>gabuli</strong></span> <span class='ocrx_word' id='word_1_177' title='bbox 1437 3407 1522 3490; x_wconf 89' lang='lat' dir='ltr'><strong>pati-</strong></span> 
     </span>
     <span class='ocr_line' id='line_1_28' title="bbox 468 3506 1522 3593; baseline -0.001 -20"><span class='ocrx_word' id='word_1_178' title='bbox 468 3511 546 3573; x_wconf 88' lang='lat' dir='ltr'><strong>bulo</strong></span> <span class='ocrx_word' id='word_1_179' title='bbox 568 3528 754 3592; x_wconf 89' lang='lat' dir='ltr'><strong>suspensos,</strong></span> <span class='ocrx_word' id='word_1_180' title='bbox 776 3509 907 3593; x_wconf 90' lang='lat' dir='ltr'><strong>insuper</strong></span> <span class='ocrx_word' id='word_1_181' title='bbox 929 3507 1006 3572; x_wconf 89' lang='lat' dir='ltr'><strong>diris</strong></span> <span class='ocrx_word' id='word_1_182' title='bbox 1029 3508 1215 3589; x_wconf 88' lang='lat' dir='ltr'><strong>sagittarum</strong></span> <span class='ocrx_word' id='word_1_183' title='bbox 1236 3506 1355 3570; x_wconf 85' lang='lat' dir='ltr'><strong>ictibus</strong></span> <span class='ocrx_word' id='word_1_184' title='bbox 1377 3508 1522 3584; x_wconf 89' lang='lat' dir='ltr'><strong>obrutos,</strong></span> 
     </span>
     <span class='ocr_line' id='line_1_29' title="bbox 469 3607 1524 3693; baseline -0.003 -17"><span class='ocrx_word' id='word_1_185' title='bbox 469 3610 661 3693; x_wconf 77' lang='lat' dir='ltr'><strong>Angelicum</strong></span> <span class='ocrx_word' id='word_1_186' title='bbox 674 3610 818 3693; x_wconf 87' lang='lat' dir='ltr'><strong>protexit</strong></span> <span class='ocrx_word' id='word_1_187' title='bbox 831 3610 1062 3693; x_wconf 77' lang='lat' dir='ltr'><strong>patrociniumr</strong></span> <span class='ocrx_word' id='word_1_188' title='bbox 1100 3608 1153 3671; x_wconf 84' lang='lat' dir='ltr'><strong>Ad</strong></span> <span class='ocrx_word' id='word_1_189' title='bbox 1168 3608 1314 3672; x_wconf 85' lang='lat' dir='ltr'><strong>ultimum</strong></span> <span class='ocrx_word' id='word_1_190' title='bbox 1335 3607 1524 3673; x_wconf 87' lang='lat' dir='ltr'><strong>decollandi</strong></span> 
     </span>
     <span class='ocr_line' id='line_1_30' title="bbox 467 3706 1521 3793; baseline -0.005 -17"><span class='ocrx_word' id='word_1_191' title='bbox 467 3713 570 3776; x_wconf 89' lang='lat' dir='ltr'><strong>sortiti</strong></span> <span class='ocrx_word' id='word_1_192' title='bbox 600 3711 800 3788; x_wconf 86' lang='lat' dir='ltr'><strong>sententiam,</strong></span> <span class='ocrx_word' id='word_1_193' title='bbox 824 3730 898 3775; x_wconf 89' lang='lat' dir='ltr'><strong>cum</strong></span> <span class='ocrx_word' id='word_1_194' title='bbox 929 3710 1037 3793; x_wconf 89' lang='lat' dir='ltr'><strong>palma</strong></span> <span class='ocrx_word' id='word_1_195' title='bbox 1066 3706 1268 3787; x_wconf 90' lang='lat' dir='ltr'><strong>Virginitatis</strong></span> <span class='ocrx_word' id='word_1_196' title='bbox 1296 3717 1329 3770; x_wconf 85' lang='lat' dir='ltr'><strong>et</strong></span> <span class='ocrx_word' id='word_1_197' title='bbox 1357 3707 1521 3790; x_wconf 89' lang='lat' dir='ltr'><strong>triumpho</strong></span> 
     </span>
     <span class='ocr_line' id='line_1_31' title="bbox 467 3814 845 3897; baseline -0.011 -18"><span class='ocrx_word' id='word_1_198' title='bbox 467 3814 612 3897; x_wconf 89' lang='lat' dir='ltr'><strong>martyrii</strong></span> <span class='ocrx_word' id='word_1_199' title='bbox 625 3814 845 3895; x_wconf 86' lang='lat' dir='ltr'><strong>agonizarunt.</strong></span> 
     </span>
    </p>

    <p class='ocr_par' dir='ltr' id='par_1_3' title="bbox 462 3910 1522 4609">
     <span class='ocr_line' id='line_1_32' title="bbox 511 3910 1522 3998; baseline -0.004 -21"><span class='ocrx_word' id='word_1_200' title='bbox 511 3914 649 3977; x_wconf 89' lang='lat' dir='ltr'>XXXV.</span> <span class='ocrx_word' id='word_1_201' title='bbox 673 3914 743 3976; x_wconf 89' lang='lat' dir='ltr'><strong>Nec</strong></span> <span class='ocrx_word' id='word_1_202' title='bbox 770 3912 954 3976; x_wconf 89' lang='lat' dir='ltr'><strong>meminisse</strong></span> <span class='ocrx_word' id='word_1_203' title='bbox 984 3913 1093 3996; x_wconf 86' lang='lat' dir='ltr'><strong>pigeat</strong></span> <span class='ocrx_word' id='word_1_204' title='bbox 1120 3915 1235 3998; x_wconf 87' lang='lat' dir='ltr'><strong>inclyti</strong></span> <span class='ocrx_word' id='word_1_205' title='bbox 1263 3914 1376 3979; x_wconf 90' lang='lat' dir='ltr'><strong>militis</strong></span> <span class='ocrx_word' id='word_1_206' title='bbox 1399 3910 1522 3976; x_wconf 79' lang='lat' dir='ltr'><strong>Christi</strong></span> 
     </span>
     <span class='ocr_line' id='line_1_33' title="bbox 467 4013 1521 4098; baseline -0.003 -18"><span class='ocrx_word' id='word_1_207' title='bbox 467 4014 641 4089; x_wconf 82' lang='lat' dir='ltr'><strong>Chrisanti,</strong></span> <span class='ocrx_word' id='word_1_208' title='bbox 665 4034 761 4097; x_wconf 86' lang='lat' dir='ltr'><strong>quem</strong></span> <span class='ocrx_word' id='word_1_209' title='bbox 783 4024 874 4098; x_wconf 89' lang='lat' dir='ltr'><strong>pater</strong></span> <span class='ocrx_word' id='word_1_210' title='bbox 892 4014 933 4077; x_wconf 88' lang='lat' dir='ltr'><strong>ab</strong></span> <span class='ocrx_word' id='word_1_211' title='bbox 956 4013 1155 4077; x_wconf 77' lang='lat' dir='ltr'><strong>Alexandn&#39;a</strong></span> <span class='ocrx_word' id='word_1_212' title='bbox 1176 4016 1386 4098; x_wconf 86' lang='lat' dir='ltr'><strong>proficiscens</strong></span> <span class='ocrx_word' id='word_1_213' title='bbox 1405 4014 1521 4077; x_wconf 82' lang='lat' dir='ltr'><strong>Romae</strong></span> 
     </span>
     <span class='ocr_line' id='line_1_34' title="bbox 467 4114 1521 4202; baseline -0.003 -21"><span class='ocrx_word' id='word_1_214' title='bbox 467 4115 756 4202; x_wconf 89' lang='lat' dir='ltr'><strong>gymnosophistis,</strong></span> <span class='ocrx_word' id='word_1_215' title='bbox 779 4126 811 4179; x_wconf 87' lang='lat' dir='ltr'><strong>et</strong></span> <span class='ocrx_word' id='word_1_216' title='bbox 830 4114 1051 4179; x_wconf 85' lang='lat' dir='ltr'><strong>Rhethoribus</strong></span> <span class='ocrx_word' id='word_1_217' title='bbox 1070 4114 1233 4196; x_wconf 89' lang='lat' dir='ltr'><strong>traditum,</strong></span> <span class='ocrx_word' id='word_1_218' title='bbox 1253 4118 1380 4183; x_wconf 89' lang='lat' dir='ltr'><strong>cunctis</strong></span> <span class='ocrx_word' id='word_1_219' title='bbox 1404 4115 1521 4178; x_wconf 87' lang='lat' dir='ltr'><strong>libera-</strong></span> 
     </span>
     <span class='ocr_line' id='line_1_35' title="bbox 465 4215 1521 4294; baseline -0.004 -11"><span class='ocrx_word' id='word_1_220' title='bbox 465 4222 552 4285; x_wconf 90' lang='lat' dir='ltr'><strong>libus</strong></span> <span class='ocrx_word' id='word_1_221' title='bbox 566 4219 725 4283; x_wconf 88' lang='lat' dir='ltr'><strong>literarum</strong></span> <span class='ocrx_word' id='word_1_222' title='bbox 741 4216 857 4281; x_wconf 90' lang='lat' dir='ltr'><strong>studiis</strong></span> <span class='ocrx_word' id='word_1_223' title='bbox 879 4215 996 4280; x_wconf 87' lang='lat' dir='ltr'><strong>erudiri</strong></span> <span class='ocrx_word' id='word_1_224' title='bbox 1017 4216 1104 4281; x_wconf 87' lang='lat' dir='ltr'><strong>fecit.</strong></span> <span class='ocrx_word' id='word_1_225' title='bbox 1147 4218 1229 4281; x_wconf 92' lang='lat' dir='ltr'><strong>Erat</strong></span> <span class='ocrx_word' id='word_1_226' title='bbox 1243 4220 1341 4293; x_wconf 90' lang='lat' dir='ltr'><strong>enim,</strong></span> <span class='ocrx_word' id='word_1_227' title='bbox 1356 4226 1393 4280; x_wconf 94' lang='lat' dir='ltr'><strong>ut</strong></span> <span class='ocrx_word' id='word_1_228' title='bbox 1412 4216 1521 4294; x_wconf 82' lang='lat' dir='ltr'><strong>fertur,</strong></span> 
     </span>
     <span class='ocr_line' id='line_1_36' title="bbox 465 4318 1522 4404; baseline -0.006 -17"><span class='ocrx_word' id='word_1_229' title='bbox 465 4336 532 4387; x_wconf 88' lang='lat' dir='ltr'><strong>tarn</strong></span> <span class='ocrx_word' id='word_1_230' title='bbox 561 4320 702 4385; x_wconf 84' lang='lat' dir='ltr'><strong>ardentis</strong></span> <span class='ocrx_word' id='word_1_231' title='bbox 727 4320 861 4403; x_wconf 85' lang='lat' dir='ltr'><strong>ingenii,</strong></span> <span class='ocrx_word' id='word_1_232' title='bbox 887 4329 920 4383; x_wconf 88' lang='lat' dir='ltr'><strong>et</strong></span> <span class='ocrx_word' id='word_1_233' title='bbox 949 4320 1080 4403; x_wconf 87' lang='lat' dir='ltr'><strong>capacis</strong></span> <span class='ocrx_word' id='word_1_234' title='bbox 1108 4321 1281 4399; x_wconf 73' lang='lat' dir='ltr'><strong>memoria,</strong></span> <span class='ocrx_word' id='word_1_235' title='bbox 1302 4329 1339 4384; x_wconf 92' lang='lat' dir='ltr'><strong>ut</strong></span> <span class='ocrx_word' id='word_1_236' title='bbox 1362 4318 1522 4404; x_wconf 91' lang='lat' dir='ltr'><strong>quicquid</strong></span> 
     </span>
     <span class='ocr_line' id='line_1_37' title="bbox 465 4420 1521 4501; baseline -0.005 -13"><span class='ocrx_word' id='word_1_237' title='bbox 465 4421 641 4489; x_wconf 87' lang='lat' dir='ltr'><strong>lectitando</strong></span> <span class='ocrx_word' id='word_1_238' title='bbox 670 4432 703 4485; x_wconf 89' lang='lat' dir='ltr'><strong>ct</strong></span> <span class='ocrx_word' id='word_1_239' title='bbox 738 4420 911 4485; x_wconf 90' lang='lat' dir='ltr'><strong>scrutando</strong></span> <span class='ocrx_word' id='word_1_240' title='bbox 941 4422 1070 4485; x_wconf 83' lang='lat' dir='ltr'><strong>enixius</strong></span> <span class='ocrx_word' id='word_1_241' title='bbox 1099 4422 1275 4501; x_wconf 88' lang='lat' dir='ltr'><strong>rimaretur,</strong></span> <span class='ocrx_word' id='word_1_242' title='bbox 1306 4423 1393 4486; x_wconf 81' lang='lat' dir='ltr'><strong>velut</strong></span> <span class='ocrx_word' id='word_1_243' title='bbox 1428 4420 1521 4484; x_wconf 88' lang='lat' dir='ltr'><strong>visco</strong></span> 
     </span>
     <span class='ocr_line' id='line_1_38' title="bbox 462 4521 1520 4609; baseline -0.004 -19"><span class='ocrx_word' id='word_1_244' title='bbox 462 4525 654 4609; x_wconf 89' lang='lat' dir='ltr'><strong>glutinatum</strong></span> <span class='ocrx_word' id='word_1_245' title='bbox 664 4542 868 4607; x_wconf 67' lang='lat' dir='ltr'><strong>praepropere</strong></span> <span class='ocrx_word' id='word_1_246' title='bbox 882 4522 915 4585; x_wconf 93' lang='lat' dir='ltr'><strong>in</strong></span> <span class='ocrx_word' id='word_1_247' title='bbox 931 4521 1117 4606; x_wconf 71' lang='lat' dir='ltr'><strong>praecordiis</strong></span> <span class='ocrx_word' id='word_1_248' title='bbox 1128 4524 1307 4608; x_wconf 90' lang='lat' dir='ltr'><strong>puerilibus</strong></span> <span class='ocrx_word' id='word_1_249' title='bbox 1316 4524 1520 4599; x_wconf 85' lang='lat' dir='ltr'><strong>lentesceret,</strong></span> 
     </span>
    </p>
   </div>
   <div class='ocr_carea' id='block_1_3' title="bbox 0 0 1884 5425">
    <p class='ocr_par' dir='ltr' id='par_1_4' title="bbox 0 0 1884 5425">
     <span class='ocr_line' id='line_1_39' title="bbox 0 0 1884 5425; baseline 0 2"><span class='ocrx_word' id='word_1_250' title='bbox 0 0 1884 5425; x_wconf 95' lang='lat' dir='ltr'><strong> </strong></span> 
     </span>
    </p>
   </div>
  </div>
 </body>
</html>
