3759 5425
647 659 691 707 na
707 661 872 708 muninus
886 661 1123 708 vrnnrnrrsrrs.
1367 647 1409 710 5⁵

353 813 521 878 labrorum
547 813 673 878 cultura
702 827 901 894 convertens,
930 816 1139 898 Baptismatis
1168 816 1256 882 fonte
1283 829 1411 880 renatos

354 916 528 978 visibiliter
541 914 695 996 angelicis
709 915 829 998 perfrui
844 916 1074 999 conspectibus
1089 917 1174 995 lecit,
1189 918 1308 1001 quibus
1322 917 1412 981 coeli·

355 1017 428 1080 cola
449 1016 492 1080 ab
519 1015 614 1078 astris
636 1015 814 1080 destinatus
836 1015 982 1080 candidis
1005 1037 1043 1080 ac
1065 1019 1235 1102 purpureis
1259 1029 1412 1084 contexta

355 1130 440 1181 serta
462 1118 597 1180 floribus
619 1118 748 1196 obtulit,
770 1119 848 1182 istas
873 1119 1026 1202 inquiens
1053 1140 1188 1184 coronas
1205 1121 1412 1186 immaculato

356 1227 389 1280 et
402 1216 527 1280 mundo
546 1239 681 1302 corpore
701 1219 871 1298 custodite,
886 1219 964 1303 quia
984 1219 1024 1282 de
1039 1218 1194 1284 Paradiso
1210 1221 1274 1284 Dei
1296 1242 1352 1284 eas
1372 1219 1413 1284 ad

357 1338 416 1379 ros
429 1319 534 1380 attuli.

398 1418 493 1480 XLI.
527 1418 593 1482 Sed
618 1431 652 1482 et
677 1420 903 1484 celeberrimus
927 1421 1060 1502 virginis
1085 1422 1220 1502 Agatha
1243 1443 1414 1487 rumores

355 1530 547 1604 tempestate
567 1522 773 1602 longiuscule
793 1523 1012 1600 crebrescens,
1032 1543 1098 1604 qua
1113 1521 1336 1587 Diocletianus
1353 1524 1412 1586 im·

354 1632 487 1705 perator
503 1633 646 1704 augustae
668 1621 837 1705 potestatis
858 1622 1077 1686 monarchiam
1098 1623 1292 1704 gubernans,
1307 1635 1412 1688 trucu-

355 1723 447 1786 lenta
471 1733 702 1786 tormentorum
725 1722 833 1786 edicta
856 1721 1047 1786 orthodoxae
1069 1722 1148 1787 fidei
1170 1724 1344 1789 cultoribus
1369 1725 1411 1788 ir-

358 1829 503 1908 rogabat,
533 1836 633 1892 totam
662 1826 838 1890 Trinacriae
867 1827 1066 1909 provinciam
1101 1828 1290 1910 penetrarit,
1319 1828 1413 1914 cujus

357 1930 552 2013 integritatis
570 1930 793 1994 castimoniam
814 1949 876 1992 nec
897 1929 1111 1992 membrorum
1136 1927 1276 1993 crudelis
1295 1927 1413 1991 dilace-

355 2037 439 2100 ratio
461 2055 679 2118 compescere,
701 2054 761 2096 nec
786 2033 937 2096 lictorum
961 2043 1052 2095 atrox
1074 2032 1204 2098 vexatio
1225 2031 1414 2116 praepedire,

356 2161 420 2204 nec
446 2159 522 2204 acra
544 2138 732 2202 testularum
755 2136 915 2216 fragmina
935 2136 1107 2217 infringere
1129 2137 1181 2200 vel
1203 2133 1323 2200 torrida
1344 2155 1412 2198 car·

355 2241 483 2304 bonnm
497 2237 652 2302 incendia
667 2239 828 2300 ullatenus
842 2237 970 2300 vincere
984 2237 1159 2302 valuerunt
1205 2237 1290 2309 Quin
1306 2237 1414 2320 potius

356 2356 394 2408 ut
406 2341 643 2407 Adamantinus
658 2341 813 2423 scopulus
827 2351 937 2405 contra
952 2341 1041 2404 illata
1057 2341 1243 2406 carnificum
1258 2353 1414 2406 tormenta

357 2446 439 2508 lerro
462 2445 573 2508 sortior
592 2442 759 2519 induruit;
790 2442 883 2527 cujus
904 2444 950 2506 rei
974 2442 1177 2518 documenta,
1193 2454 1304 2506 elnon
1327 2443 1413 2508 fictas

265 2613 271 2620 ,
358 2547 502 2612 veritatis
525 2544 644 2609 inditia
671 2546 794 2610 siculus
817 2545 970 2628 indigena
996 2558 1029 2610 et
1054 2546 1270 2610 cathenensis
1300 2547 1413 2630 oppidi

357 2649 529 2732 municeps
565 2645 767 2711 concorditer
803 2647 1025 2732 astipulantur.
1086 2647 1150 2718 Qui
1187 2667 1261 2709 cum
1294 2645 1413 2711 Ethne

358 2747 479 2811 montis
514 2744 669 2809 incendia
705 2744 821 2809 favillis
856 2746 919 2810 late
962 2744 1213 2810 scintillantibus
1252 2746 1415 2825 bullirent,

358 2846 607 2931 sulphureisque
637 2844 836 2907 flammarum
865 2845 971 2927 globis
993 2844 1117 2909 fervida
1138 2846 1323 2911 torrentium
1352 2847 1413 2911 flu·

358 2950 448 3013 mina
461 2948 497 3009 in
518 2966 665 3030 praeceps
684 2946 842 3009 currentia
856 2946 1059 3029 crepitarent,
1076 2968 1199 3013 sacram
1224 2950 1413 3033 sarcophagi

359 3051 504 3113 tumbam
534 3068 600 3130 qua
630 3047 783 3128 virginale
812 3047 1042 3129 corpusculum
1071 3047 1291 3126 claudebatur,
1321 3052 1413 3135 quasi

358 3152 454 3215 turris
468 3149 685 3221 obstaculum,
700 3158 732 3211 et
748 3148 830 3210 muri
849 3150 1129 3231 propugnaculum
1145 3150 1274 3215 ruituris
1288 3152 1413 3231 ignium

360 3253 519 3317 imbribus
538 3260 769 3335 opposuenmt,
784 3259 818 3313 et
837 3270 915 3313 mox
929 3249 1105 3314 horrendos
1126 3253 1270 3318 focorum
1284 3254 1415 3319 ardores

360 3359 457 3424 obria
472 3378 612 3442 quaeque
634 3364 840 3431 crematuros,
858 3367 891 3418 et
905 3356 1094 3439 liquefactas
1115 3360 1321 3441 scopulorum
1336 3381 1413 3422 con·

361 3462 466 3543 geries
477 3469 643 3523 voraturos
655 3457 744 3521 dicto
754 3457 848 3521 citius
858 3476 932 3520 cnm
942 3456 1073 3537 virginis
1082 3459 1232 3539 suffragio
1242 3460 1417 3543 sopierunt.

404 3560 517 3625 XLII.
539 3559 627 3621 Mihi
652 3578 781 3642 quoque
807 3556 1050 3640 operaepretium
1077 3556 1212 3631 videtur,
1236 3568 1271 3621 nt
1294 3566 1414 3621 sancta

362 3664 501 3745 Agatbae
515 3682 658 3725 rumores
679 3658 863 3723 castissimae
878 3658 1011 3737 virginis
1027 3656 1136 3719 Luoiae
1157 3658 1319 3738 praeconia
1340 3658 1414 3719 sub-

363 3770 549 3849 sequantur,
564 3783 647 3846 qnas
667 3768 845 3843 preceptor
860 3768 893 3821 et
906 3756 1104 3841 paedagogus
1118 3764 1227 3819 noster
1241 3757 1416 3838 Gregorius

363 3865 397 3929 in
425 3886 554 3929 canone
583 3860 788 3947 quotidiano,
813 3859 943 3943 quando
972 3858 1139 3923 missarum
1162 3858 1309 3921 solennia
1332 3862 1415 3925 cele·

364 3968 505 4044 brantur,
519 3965 640 4051 pariter
659 3962 829 4046 copulasse
849 3959 1063 4041 cognoscitur,
1078 3957 1139 4019 boc
1161 3956 1258 4020 modo
1272 3959 1307 4023 in
1331 3970 1415 4025 cata·

363 4069 436 4150 logo
472 4075 648 4148 martyrum
686 4082 821 4146 ponens,
851 4060 1041 4135 Foelicitate,
1070 4057 1249 4134 Anastasia,
1278 4060 1416 4137 Agatha,

365 4171 477 4247 Lucia,
491 4178 653 4250 quatenus
674 4182 877 4245 nequaqnam
891 4162 1052 4224 literarum
1077 4157 1156 4221 serie
1178 4170 1417 4240 sequestrentur

365 4294 437 4357 quie
464 4267 642 4335 contribuli
670 4264 794 4350 populo
823 4262 910 4345 apnd
940 4262 1085 4325 Siciliam
1113 4260 1231 4341 genitae
1260 4260 1355 4325 simul
1382 4264 1416 4329 in

365 4374 489 4440 coelesti
525 4371 632 4455 gloria
661 4368 865 4450 gratulantur.
923 4364 1055 4427 Etenim
1092 4364 1177 4426 sicut
1213 4363 1415 4431 cathenense

364 4478 576 4561 municipium
596 4494 665 4557 prae
686 4469 812 4537 ceteris
827 4466 1001 4532 Trinacris
1027 4466 1159 4529 urbibus
1181 4468 1314 4547 Agatha
1333 4490 1416 4533 mar-
