3759 5425
503 510 565 568 290
781 524 936 572 aarsroaa
951 524 994 572 an
1010 523 1185 586 acracrnrr,
1199 525 1272 571 arc.

503 698 634 756 mersus,
656 689 768 757 tersus,
790 699 929 763 sparsus,
950 680 1085 744 missus:
1118 690 1174 744 aut
1197 680 1231 742 in
1253 699 1344 752 -xus,
1366 677 1561 754 crucifixus,

502 778 702 861 complexus,
717 778 874 843 adnexus.
919 780 1040 844 Futura
1053 801 1127 844 rcro
1140 780 1313 865 participia
1326 778 1480 861 qualibet
1493 778 1558 861 sig·

501 878 686 943 nificatione
701 881 873 959 venientia,
885 882 912 945 si
926 882 1105 965 penultima
1118 881 1306 945 naturaliter
1319 879 1557 965 producuntur,

503 981 711 1047 circumflexo
734 994 870 1046 accentu
894 985 1108 1068 proferuntur,
1131 994 1168 1048 ut
1191 983 1378 1066 scripturus,
1401 983 1558 1045 lecturus»

503 1082 540 1145 Si
554 1093 658 1146 autem
674 1083 833 1167 positione
856 1086 955 1164 longa
969 1084 1097 1161 suerint,
1118 1096 1288 1160 acuuntur,
1302 1095 1339 1145 ut
1360 1080 1558 1158 audiendus,
1657 1095 1664 1116 ⁸

502 1182 704 1259 sarciendam
727 1196 916 1248 etneutrum
927 1184 1057 1268 dactylo
1069 1184 1304 1266 suffragabitur.
1349 1185 1436 1247 Nam
1452 1185 1558 1269 aequis

502 1282 694 1347 divisionum
708 1284 836 1365 legibus
850 1283 1042 1347 dirimuntur
1054 1284 1135 1347 arsis
1149 1297 1182 1348 et
1201 1284 1301 1347 thesis
1316 1294 1462 1367 tempore
1475 1286 1558 1347 bino
1668 1374 1671 1383 1

501 1398 534 1451 et
547 1388 635 1451 hino.

869 1488 921 1552 De
937 1487 1187 1569 Amphibraclw.

544 1592 585 1655 D.
610 1592 714 1663 Quare
737 1591 895 1654 vocitatus
917 1604 968 1654 est
992 1589 1244 1673 amphibrachys
1254 1588 1360 1653 t-M.
1387 1589 1488 1662 Quod
1510 1612 1556 1654 ex

500 1704 634 1777 utraque
655 1700 745 1775 parte
767 1692 918 1755 brevibus
940 1692 1099 1754 ambiatur
1120 1691 1266 1773 syllabis,
1285 1692 1371 1754 sicut
1392 1692 1556 1777 amphita-

500 1806 575 1879 pete
590 1816 690 1877 genus
712 1795 894 1860 vestimenti
916 1794 1067 1879 utrinque
1082 1795 1230 1857 villosum
1245 1808 1278 1857 et
1298 1794 1457 1858 hirsutum
1473 1796 1555 1859 dici·

498 1905 559 1973 tur,
574 1907 607 1959 et
621 1898 888 1980 amphitheatrum
910 1897 966 1959 ubi
982 1895 1172 1959 altrinsecus
1194 1896 1393 1959 scenicomm
1409 1896 1554 1961 ludibria

499 1998 751 2083 histrionumque
773 1999 948 2063 ridiculosa
969 2012 1151 2062 commenta
1171 2011 1372 2076 exercentur,
1386 2011 1419 2062 et
1439 2002 1554 2083 prasi·

499 2098 595 2163 dente
624 2102 819 2181 agonotheta
847 2100 1019 2165 theatrales
1047 2100 1331 2183 pancratiariorum
1356 2122 1486 2185 pompae
1514 2102 1553 2165 in

498 2202 1041 2287 scammapalaestricoperaguntur.
1082 2202 1171 2282 Ergo
1181 2199 1258 2281 ἀμφὶ
1269 2201 1427 2287 utrinque,
1435 2202 1553 2287 βραχὺς

497 2305 603 2368 brevis
618 2304 856 2387 interpretatum
873 2304 1002 2368 dicitur.

542 2404 587 2468 D.
602 2404 655 2469 Da
663 2406 813 2489 exempla
823 2403 865 2468 ad
876 2405 1141 2487 amphibrachym
1152 2406 1452 2488 pertinentia—M.
1464 2408 1551 2472 Haec
1670 2436 1671 2439 ¹

497 2518 572 2571 sunt
593 2507 725 2571 nomina
745 2506 856 2590 primm
878 2505 1115 2583 declinationis,
1135 2506 1269 2570 eandem
1292 2506 1386 2589 pedis
1407 2509 1550 2590 regulam

497 2608 736 2694 adstipulantia,
762 2618 798 2671 ut
821 2628 951 2686 corona,
975 2607 1094 2685 carina,
1116 2607 1256 2688 haema,
1281 2629 1406 2687 acerra,
1432 2630 1551 2687 acerra,

495 2732 602 2789 arena,
628 2712 734 2788 arista,
760 2711 889 2794 papilla,
914 2711 1067 2784 mamilla,
1099 2712 1235 2793 capella,
1265 2721 1389 2787 catena,
1419 2713 1551 2795 popina,

495 2813 616 2887 culina,
639 2835 778 2889 amurca,
801 2813 929 2888 tabella,
952 2813 1091 2896 querela,
1106 2812 1242 2892 locusta,
1265 2814 1412 2890 marisca,
1426 2815 1551 2891 rubeta,

494 2913 653 2996 pharetra,
663 2916 798 2992 camina,
808 2914 934 2993 sagitta,
943 2913 1549 2996 loquela,medulla‚medella,taherna,

496 3035 642 3092 caverna,
651 3025 789 3093 caterva,
797 3015 931 3094 latebra,
942 3016 1076 3078 terebra.
1122 3015 1216 3079 idem
1226 3016 1426 3080 masculina:
1444 3039 1548 3081 came·
1670 3037 1671 3040 ’

493 3117 556 3193 lus,
569 3115 724 3194 caminus,
739 3115 885 3193 caninus,
904 3137 1036 3196 egenas,
1051 3116 1188 3200 opimus,
1212 3119 1372 3197 alumnus,
1393 3120 1547 3198 eburnus,

494 3217 681 3296 cothurnus,
695 3227 833 3301 togatus,
848 3219 995 3294 anhelus,
1009 3218 1150 3298 libellus,
1164 3219 1298 3294 amicus,
1313 3218 1457 3304 iniquus,
1476 3241 1549 3304 pro·

494 3321 646 3406 pinques,
676 3321 840 3404 profanus,
869 3321 1005 3396 ocellus,
1035 3320 1149 3398 avitus,
1178 3322 1345 3396 subulcus,
1374 3323 1549 3402 bubulcus,

494 3424 651 3500 cinaedus,
667 3422 830 3500 Quirinus,
852 3421 1020 3498 tumultus,
1043 3431 1207 3504 tyrannus,
1229 3444 1369 3502 severus,
1382 3423 1551 3502 honestus,

493 3525 684 3611 triumphus,
706 3524 893 3600 cachinnus,
915 3523 1064 3606 capillus,
1085 3525 1225 3607 lapillus,
1244 3525 1389 3602 Latinus,
1408 3547 1552 3606 amarus,

493 3649 649 3706 amoenua,
671 3627 805 3711 agellus,
819 3627 949 3704 asellus,
964 3626 1125 3706 magister,
1138 3627 1295 3707 minister,
1314 3638 1473 3712 equester,
1489 3651 1550 3714 pe·

493 3729 608 3808 deater,
637 3739 812 3815 sequester,
841 3728 979 3792 sinister.
1038 3727 1122 3790 Item
1152 3729 1327 3806 neutralia3
1365 3732 1550 3810 macellum,

491 3833 666 3909 metallum,
680 3829 873 3916 cylindrum,
894 3838 1045 3907 aratrum,
1066 3830 1233 3908 sacellum,
1254 3842 1423 3916 tropaeum,
1443 3833 1548 3898 talen·
1670 3831 1671 3906 g

491 3946 570 4012 tum,
600 3933 755 4010 fritillum,
786 3931 941 4015 lupercal,
976 3929 1128 4008 tribunal,
1163 3931 1363 4016 quadrantal,
1397 3933 1546 3997 minutal.

491 4035 586 4102 Unda
600 4037 622 4099 J
624 4033 768 4098 arandis
782 4033 866 4096 libro
880 4031 979 4095 XIV:

802 4130 953 4184 hesternum
964 4128 1052 4182 medio
1064 4145 1167 4186 narare
1178 4127 1290 4184 mmutal

628 4216 782 4289 Septembri.
