3759 5425
632 759 675 804 na
690 759 774 806 ocro
791 759 1047 806 miserentium
1062 757 1173 804 vrrrrs.
1363 743 1425 802 tot

466 908 642 993 Appetitus
656 914 759 996 turpis
772 913 865 987 lucri,
880 923 914 976 et
926 912 1068 997 perjuria
1081 911 1204 994 inepta,

464 1012 571 1094 Atque
584 1014 766 1095 rapinarum
779 1016 957 1079 maculatos
972 1015 1105 1078 crimine
1120 1021 1272 1098 questus,

464 1109 650 1193 conglobat
664 1115 698 1178 in
714 1136 852 1180 cuneum
869 1139 944 1181 cum
961 1118 1049 1181 falsis
1066 1116 1203 1180 testibus
1217 1113 1348 1190 ordeum

465 1213 512 1274 Ut
526 1215 699 1280 Psalmiata
712 1220 801 1282 canit
814 1222 998 1303 lacrymans
1014 1219 1133 1284 delicta
1147 1237 1284 1294 reorum,

464 1313 599 1399 Semper
613 1318 751 1383 araritite
767 1324 892 1384 nummi
909 1319 1026 1384 servire
1041 1321 1216 1396 volentum,

464 1415 676 1483 'l'lresaurizat
689 1431 723 1484 et
736 1423 861 1504 ignorat
874 1424 928 1486 cui
943 1433 1118 1504 congreget
1132 1421 1197 1484 ille.

462 1515 584 1582 Paulus
599 1524 786 1604 Apostolico
799 1525 983 1607 promulgat
997 1523 1115 1586 famine
1132 1523 1264 1598 Doctor‚

467 1617 667 1686 Cunctorum
681 1643 812 1688 cauum
827 1636 1013 1690 contestans
1028 1645 1100 1690 esse
1115 1625 1281 1688 malorum.

465 1720 542 1784 Hoc
558 1723 670 1788 vitium
684 1725 808 1790 idcirco
823 1739 959 1791 conetur
973 1727 1117 1809 frangere
1131 1725 1233 1807 virgo,

468 1818 556 1884 Dum
570 1823 697 1890 lacinus
710 1836 835 1890 vastum
849 1827 948 1892 loculi
965 1835 1104 1910 gestator
1117 1845 1231 1890 avarus

467 1922 508 1984 In
525 1925 703 1991 Dominum
718 1929 802 1992 lucis
816 1930 949 2013 stropha
963 1938 1143 2014 patraverat
1156 1937 1233 2004 atra,

466 2023 599 2092 Credita
613 2032 669 2114 qui
684 2031 810 2095 rabidis
823 2033 930 2096 furtim
947 2033 1108 2115 marsupia
1122 2031 1239 2115 palmis

468 2124 643 2211 Compilat,
656 2143 690 2196 et
703 2132 819 2216 stipem
834 2133 975 2217 cupidus
990 2135 1074 2197 clem
1089 2131 1215 2197 fraudat
1228 2151 1377 2214 egenum.

468 2226 560 2292 Ultio
575 2244 770 2316 quapropter
783 2233 895 2298 lethali
910 2235 999 2299 calce
1014 2245 1137 2298 reatum

470 2328 629 2410 Vindicat,
643 2344 677 2398 et
691 2335 794 2398 furem
808 2334 930 2399 crudeli
945 2337 1074 2399 verbere
1089 2333 1221 2419 plectit:

468 2427 532 2499 Qui
546 2451 654 2515 regern
670 2435 743 2497 celi
757 2434 967 2500 redimentem
982 2437 1079 2499 sesols
1093 2453 1205 2498 cruore

469 2533 625 2598 Vendidit
638 2539 759 2620 argenti
773 2547 916 2602 coecatus
930 2558 1061 2602 munere
1076 2535 1217 2600 demens.

470 2633 541 2697 Nec
555 2655 621 2699 nou
638 2638 789 2702 Hebroeae
805 2640 911 2721 gentis
925 2647 1075 2723 regnator
1089 2657 1213 2715 avarus,

470 2736 500 2797 A
514 2756 578 2819 quo
592 2738 741 2819 florigera
755 2739 919 2804 fraudatur
933 2742 1029 2803 vinea
1044 2736 1187 2814 Naboth,

470 2835 616 2922 Conjuge
631 2840 754 2904 cmdeli
769 2840 925 2904 schedam
939 2840 1102 2904 scribente
1117 2834 1300 2915 nefandam,

470 2938 543 3002 Hoc
560 2943 665 3005 scelus
680 2943 845 3006 amborum
860 2944 1031 3026 strophoso
1047 2940 1179 3005 crimine
1194 2948 1319 3023 gestum

470 3037 614 3122 Castigat
628 3043 752 3126 superis
766 3052 979 3127 prospectans
994 3042 1123 3106 arcibus
1137 3042 1230 3106 ultor.

470 3140 619 3225 Namque
634 3153 768 3207 cruenta
781 3164 880 3208 canes
895 3144 1021 3207 linxere
1036 3142 1157 3207 fluenta
1171 3142 1310 3227 tyranni,

471 3243 544 3314 Qua
558 3244 680 3308 dudum
697 3247 851 3310 occubuit
864 3249 1071 3331 scopulorum
1087 3244 1242 3327 grandine
1256 3254 1356 3317 rasta,

470 3345 637 3409 Innocuus
651 3346 815 3430 princeps,
830 3347 886 3431 qui
899 3348 1025 3410 nullum
1039 3348 1165 3410 lmserst
1180 3344 1287 3409 armis.

468 3446 601 3511 Jezebel
616 3468 692 3511 vcro
707 3470 780 3532 quar
794 3448 933 3512 Tomum
950 3448 1078 3531 scripsit
1093 3446 1134 3511 ad
1148 3448 1271 3523 urbem,

420 3625 428 3637 Ι
470 3552 577 3633 Atque
591 3552 711 3633 probos
725 3552 861 3615 Domini
876 3552 1024 3615 multavit
1039 3550 1107 3613 dira
1121 3548 1311 3631 Prophetas,

471 3652 597 3715 Acriter
608 3652 760 3715 horrendi
775 3653 964 3738 discerpunt
978 3652 1073 3716 dente
1090 3648 1238 3726 Molossi,

470 3752 681 3837 Membraque
694 3774 855 3837 purpureo
871 3755 948 3817 tabo
962 3752 1092 3836 perlusa
1106 3748 1252 3813 ruebant

470 3854 524 3917 Sic
540 3876 669 3938 quoqne
685 3856 846 3937 quassatis
859 3853 1017 3936 Princeps
1031 3852 1091 3915 sub
1106 3850 1268 3914 moenibus
1281 3849 1381 3927 urbis,

474 3954 619 4018 Perdidit
633 3957 734 4019 aurati
749 3956 845 4020 vitam
859 3957 1020 4039 perluere
1033 3952 1164 4016 metalli.

471 4054 552 4118 'l'ule
566 4056 629 4119 luit
642 4055 767 4119 lethum
781 4054 968 4118 miserorum
984 4054 1065 4117 sorte
1080 4052 1245 4131 clientum,

471 4155 561 4227 Quos
573 4156 670 4220 simul
686 4156 728 4220 ad
742 4166 885 4220 montem
899 4174 1049 4219 saxorum
1065 4154 1159 4217 turba
1173 4152 1320 4241 terebat..

472 4258 555 4322 Cum
571 4257 705 4321 Domini
719 4259 859 4343 populus
872 4259 954 4321 muri
969 4255 1146 4339 pinnacula
1161 4262 1284 4335 septem

471 4360 583 4423 Denso
598 4360 732 4423 vallaret
745 4378 850 4422 cuneo
866 4356 1063 4439 fulgentibus
1078 4356 1182 4419 armis.

474 4460 612 4543 Sulpicia
628 4471 661 4523 et
675 4461 819 4542 clangor,
834 4479 963 4523 necnon
980 4466 1011 4519 et
1025 4456 1160 4521 classica
1174 4454 1258 4519 sistri

476 4560 682 4624 Horrendurn
697 4563 862 4625 incussere
878 4572 997 4624 metum
1013 4578 1072 4641 per
1087 4557 1185 4622 corda
1199 4556 1346 4631 virorum,
