3759 5425
440 738 503 795 224
722 747 876 795 arrarum
895 747 1130 806 conctactus,
1146 748 1218 793 arc.

441 902 690 988 patriarcharum
701 902 888 987 progenitus
900 923 975 966 cum
986 901 1109 983 ingenti
1124 912 1321 965 catervarum
1331 902 1495 984 phalange

440 1006 566 1070 celebre
581 1004 791 1087 municipium
806 1014 839 1067 et
859 1004 983 1087 superis
1001 1003 1140 1066 inrisum
1160 1001 1373 1066 hebdomada
1395 1004 1493 1067 unius

441 1106 598 1170 curriculo
620 1106 788 1168 lustrorum
812 1105 1002 1168 sonantibus
1024 1116 1147 1188 septem
1170 1104 1374 1169 sacerdotum
1396 1106 1493 1187 salpi-

441 1209 544 1281 cibus,
560 1206 594 1269 id
604 1217 652 1269 est
662 1218 785 1289 septem
800 1206 959 1281 buccinis,
972 1206 994 1269 J
995 1205 1183 1268 ubilreorum
1195 1207 1329 1269 conciso
1339 1206 1490 1286 clangore

440 1330 498 1392 per
526 1307 663 1371 classica
692 1308 923 1389 crepitantibus
950 1307 1020 1369 solo
1055 1317 1150 1371 tenus
1178 1306 1319 1370 dirutum
1349 1305 1492 1370 funditus

441 1409 562 1471 evertit.
622 1408 702 1480 Qua
731 1429 835 1471 rerum
866 1407 967 1489 figura
989 1408 1176 1486 suturarum,
1196 1408 1294 1492 juxta
1321 1428 1491 1491 anagogen

440 1511 579 1595 peractis
594 1521 717 1595 septem
734 1510 923 1573 saeculourm
953 1510 1182 1588 voluminibus,
1207 1509 1401 1573 horrendum
1426 1509 1490 1572 rui·

443 1612 505 1676 turi
529 1610 642 1673 mundi
660 1610 829 1673 terminum
852 1622 884 1673 et
905 1611 1049 1674 ultimam
1072 1611 1199 1695 tirgacis
1221 1612 1294 1675 vitae
1315 1611 1492 1675 clausulam

440 1712 628 1796 portendere
658 1712 884 1775 manifestatur.
929 1714 1125 1777 Ornamenta
1154 1713 1273 1797 quippe
1304 1713 1491 1776 universalis

441 1813 597 1890 ecclesiae,
607 1812 706 1896 juxta
721 1812 850 1877 decreta
872 1823 1025 1892 veterum,
1045 1815 1189 1897 septenis
1210 1836 1372 1879 sacrorum
1390 1815 1491 1878 offici-

441 1936 530 1978 orum
554 1914 705 1997 gradibus
727 1914 940 1991 eontinentur,
957 1936 1030 1998 quar
1052 1917 1198 2001 aprima
1220 1928 1491 1981 sacramentomm

441 2014 552 2078 ordine
582 2014 771 2077 nominatim
794 2014 947 2080 distincta
975 2038 1033 2100 per
1060 2019 1239 2083 exorcistas
1259 2030 1293 2081 et
1322 2018 1491 2101 acolythos

440 2116 638 2179 incrementa
652 2116 802 2178 virtutum
824 2116 959 2200 capiunt
980 2131 1013 2181 et
1034 2141 1137 2203 usque
1159 2120 1202 2183 ad
1223 2120 1340 2183 summi
1362 2118 1492 2203 pontiti·

440 2228 531 2280 catus
547 2218 766 2298 gubernacula
781 2238 818 2281 ac
835 2218 1013 2301 spirituales
1034 2219 1235 2285 sacerdotum
1258 2221 1377 2285 insulas
1391 2219 1490 2303 pede·

439 2318 552 2382 tentim
567 2318 760 2403 pertingunt.
805 2318 932 2383 Idcirco
954 2320 1222 2405 Praxapostolon‚
1236 2322 1300 2385 hoc
1320 2330 1370 2385 est
1390 2322 1491 2384 Actus

441 2422 669 2503 Apostolorum
702 2419 838 2485 totidem
873 2420 957 2484 viros
993 2421 1183 2486 diaconatus
1217 2423 1323 2486 officio
1361 2421 1489 2485 functos

439 2522 585 2586 ecclesiae
596 2522 764 2606 primitiva
775 2522 1010 2605 dispensatores
1021 2524 1146 2606 probat.
1173 2523 1225 2587 De
1237 2525 1357 2608 quibus
1366 2525 1489 2600 Arator,

440 2623 567 2706 poetica
581 2622 731 2687 facundia
744 2622 852 2701 fretus,
866 2623 971 2687 refert.

687 2739 703 2791 J
705 2755 751 2792 ura
762 2739 899 2792 ministerii
912 2739 992 2792 sacris
1003 2739 1130 2793 altaribus
1142 2742 1197 2812 apti

687 2824 720 2876 lu
732 2830 833 2895 septem
844 2829 960 2878 sumere
972 2825 1042 2878 viris.

440 2929 516 3007 Sed,
538 2951 596 3013 pro
619 2927 724 2992 dolor!
749 2931 855 2994 statim
872 2929 905 2992 in
926 2929 1032 3015 primo
1045 2931 1157 2994 limine
1173 2931 1308 2994 novellae
1328 2929 1490 3013 religionis

440 3042 552 3094 eontra
565 3028 776 3092 orthodoxam
791 3029 868 3094 fidei
881 3031 1024 3113 regulam
1039 3031 1162 3095 caninis
1175 3033 1346 3096 latratuum
1359 3032 1490 3096 rictibus

440 3132 480 3195 ab
510 3129 623 3194 eodem
649 3138 736 3193 coetu
761 3131 890 3194 nefandi
918 3132 1089 3196 Nicolaitae
1117 3144 1303 3196 nascuntur.
1347 3133 1491 3205 Quorum

438 3240 527 3295 recta
551 3251 647 3315 quam
669 3231 858 3314 perniciosis
881 3253 1022 3296 errorum
1042 3233 1208 3298 radicibus
1233 3233 1436 3317 pullulaverit
1457 3243 1490 3296 et

440 3354 536 3416 quarn
553 3333 717 3396 venenatis
741 3333 898 3398 haereticae
919 3335 1083 3418 pravitatis
1101 3335 1271 3398 frondibus
1290 3333 1490 3409 succreverit,

439 3436 655 3520 Apocalypsis
681 3436 825 3519 angelica
845 3437 968 3500 ratione
995 3438 1168 3520 propalans
1189 3435 1347 3521 patefecit.
1392 3433 1490 3508 Quod

439 3538 552 3622 quinto
576 3537 810 3601 Hereticorum
832 3537 973 3620 capitulo
995 3537 1196 3601 manifestius
1211 3538 1330 3621 liquet:
1358 3535 1425 3601 Sed
1446 3535 1489 3599 ad

438 3639 638 3724 propositum
667 3649 814 3702 revertar.
871 3640 956 3702 Nam
988 3638 1110 3723 duplex
1140 3652 1174 3702 et
1201 3659 1322 3722 auceps
1352 3637 1487 3702 Nilotici

438 3751 623 3822 regnatores
645 3741 804 3806 somnium
827 3741 1002 3804 futurorum
1024 3741 1181 3825 presagia
1202 3739 1397 3824 portendens
1419 3759 1483 3822 quo

437 3837 1334 3924 septenasspicarumglumulasfertilisculmisummitate
1342 3839 1489 3904 maturis-

438 3955 546 4006 centes
556 3965 630 4008 cum
640 3943 773 4007 totidem
781 3943 909 4006 buculis
918 3944 1108 4026 corpulenta
1116 3941 1326 4006 crassitudine
1335 3941 1490 4024 saginatis

437 4067 565 4110 amoena
585 4045 725 4129 riparum
746 4045 865 4107 virecta
882 4045 1087 4128 carpentibus
1110 4045 1388 4128 contemplabatur
1409 4064 1490 4126 proe·

438 4145 739 4211 dictisnumororum
751 4145 920 4228 speciebus
932 4146 1063 4210 minime
1072 4146 1221 4228 refragari
1230 4144 1490 4231 deprehenditur.

437 4248 545 4312 Altera
571 4269 701 4332 quoqne
731 4247 929 4312 Testamenti
957 4249 1069 4312 tabula
1096 4261 1221 4332 septem
1254 4259 1489 4333 praeceptomm

436 4361 543 4413 tenere
558 4351 676 4434 scripta
696 4351 861 4434 legebatur
875 4363 908 4413 et
930 4351 1083 4415 orationis
1097 4352 1278 4416 Dominicae
1299 4349 1488 4416 intercessio

437 4454 637 4536 suffragatrix
653 4469 684 4518 et
694 4455 872 4538 purulentis
887 4455 1065 4519 animarum
1080 4455 1242 4520 ulceribus
1253 4455 1424 4518 medicinae
1439 4473 1488 4516 re·

437 4557 610 4622 focillatrix
626 4569 749 4640 septem
767 4559 993 4623 sententiarum
1009 4559 1089 4622 serie
1104 4559 1296 4623 contexitur.
1320 4557 1488 4643 Siquidem
