3759 5425
643 714 798 761 nrrsroas
815 716 858 759 so
873 711 1046 765 rcrncruu,
1065 710 1136 756 stc.
1346 693 1409 750 257

630 884 673 931 ιν.
689 882 870 931 nsretrrrs
887 880 1131 929 nsmssrrcns.

591 972 619 1029 l.
642 968 694 1031 De
708 968 953 1031 clementissine
968 965 1175 1030 abecedario.

445 1069 514 1131 Nos
530 1068 622 1133 dense
638 1081 671 1133 et
684 1082 806 1152 septem
824 1070 940 1151 genitae
956 1068 1026 1132 sine
1042 1087 1121 1129 voce
1135 1084 1281 1138 sorores;

443 1169 508 1235 Sex
525 1170 605 1235 olias
618 1172 734 1235 nothas
749 1192 815 1235 non
831 1169 969 1236 dicimus
984 1166 1259 1235 annumerandas:

444 1272 614 1337 Nescimur
629 1295 671 1337 ex
688 1274 781 1352 ferro,
794 1296 901 1339 rursus
917 1274 997 1336 ferro
1011 1268 1225 1344 moribundae,

445 1372 584 1436 Necnon
599 1382 633 1437 et
646 1375 784 1438 volucris
798 1394 907 1458 penna
922 1373 1084 1437 volitantis
1099 1370 1141 1435 ad
1156 1369 1300 1434 aethram:

444 1473 543 1537 Terni
557 1495 618 1539 nos
633 1474 742 1539 hanes
756 1476 881 1539 incerta
895 1484 996 1539 matre
1011 1483 1168 1538 crearunt.

318 1648 322 1656 ¹
446 1574 512 1647 Qui
527 1576 620 1658 cupit
632 1577 790 1640 instanter
804 1577 914 1641 sitiens
930 1576 1041 1641 audire
1057 1573 1223 1648 docentes,

443 1676 527 1740 Tum
544 1679 609 1741 cito
623 1690 773 1763 prompta
787 1679 901 1744 damus
917 1679 1069 1760 rogitanti
1085 1677 1182 1741 verba
1195 1676 1334 1740 silenter.

767 1784 798 1842 2.
825 1782 873 1843 De
890 1780 1038 1844 Ciceris.

444 1876 594 1944 Candida
607 1881 709 1946 forms
722 1880 839 1958 nitens,
853 1900 981 1945 necnon
996 1888 1029 1943 et
1044 1880 1134 1943 furva
1147 1880 1334 1959 nigrescens

445 1980 508 2044 Est
520 1982 613 2061 mihi,
628 1982 704 2047 dum
720 1982 806 2047 veria
820 2003 997 2067 componor
1011 1981 1151 2063 imagine
1166 2000 1296 2064 pennsu

445 2078 534 2148 Voce
549 2105 660 2149 carens
674 2085 809 2149 tremulo
825 2084 901 2148 faxo
917 2083 1113 2169 crepitacula
1126 2092 1240 2146 rostro.

444 2184 599 2257 Quamvis
614 2186 834 2270 squamigeros
848 2186 1029 2270 discerpam
1044 2183 1115 2248 dira
1129 2184 1279 2247 colubros

446 2286 524 2349 Non
538 2306 611 2350 mea
623 2286 778 2351 lethiferis
793 2296 981 2369 turgescunt
994 2286 1137 2349 membra
1150 2284 1294 2347 venenis:

444 2386 500 2451 Sic
515 2396 641 2452 teneros
655 2387 762 2471 pullos
776 2390 965 2473 prolemque
979 2388 1098 2450 nutrire
1113 2404 1228 2449 suesco

445 2486 552 2552 Carne
566 2500 734 2567 venenate,
749 2500 895 2575 tetroque
910 2509 1022 2553 cruore
1039 2485 1224 2550 draconum.

767 2596 797 2655 8.
814 2590 866 2655 De
882 2591 993 2653 lorice.

445 2691 591 2758 Roscida
604 2716 656 2759 me
671 2695 780 2778 gennit
797 2693 906 2777 gelido
922 2692 964 2758 de
979 2693 1099 2757 viscere
1114 2691 1219 2755 tellus.

445 2795 523 2859 Non
537 2817 609 2869 snm
623 2797 760 2878 setigero
774 2798 919 2861 lunarum
933 2796 1049 2859 vellere
1064 2795 1159 2867 sacta,

444 2893 538 2960 licis
551 2897 639 2962 nulla
653 2896 794 2976 trahunt,
808 2919 869 2961 nec
886 2899 1011 2979 garrula
1025 2895 1082 2959 fils
1095 2894 1258 2966 resultant,

444 2996 515 3061 Nec
532 3014 645 3064 crocea
659 2998 752 3062 Seres
766 3009 883 3063 texunt
896 2998 1049 3081 lanugine
1062 3017 1196 3073 vermes,

447 3093 518 3163 Nec
533 3099 629 3164 radiis
644 3121 768 3185 carpor,
783 3099 863 3164 duro
878 3121 938 3164 nec
955 3100 1084 3184 pectine
1099 3100 1227 3184 pulsor:

444 3201 489 3265 Et
503 3210 611 3265 tamen
626 3221 665 3264 en
680 3202 776 3265 vestis
791 3202 878 3284 vulgi
893 3223 1039 3267 sermone
1054 3202 1202 3266 vocabor.

443 3300 577 3386 Spicula
590 3323 657 3366 non
673 3321 784 3366 vereor
797 3303 902 3386 longis
917 3313 1071 3386 exempta
1084 3301 1250 3385 pharetris.

756 3407 787 3464 4.
804 3399 856 3462 Dc
871 3399 1003 3463 neon.

443 3500 596 3574 Quamvis
610 3502 759 3584 agricolis
773 3522 840 3565 non
855 3502 915 3566 sim
930 3501 1102 3566 laudabilis
1117 3503 1247 3586 hospes,

445 3602 582 3666 Fructus
596 3623 742 3684 agrorum
758 3601 851 3666 viridi
867 3601 907 3666 de
924 3601 1047 3686 cespite
1062 3604 1144 3666 ruris

445 3700 553 3786 Carpo
569 3703 766 3780 catervatim,
782 3702 897 3766 rodens
912 3702 953 3766 de
969 3701 1077 3785 stipite
1092 3703 1202 3768 libros.

445 3801 510 3866 Cor
525 3802 604 3866 mihi
620 3805 679 3868 snb
695 3803 848 3886 genibus:
871 3825 947 3868 nem
961 3816 1087 3868 constet
1100 3826 1227 3872 carcere
1243 3818 1379 3891 septum.

442 3902 579 3968 Pectora
592 3904 771 3988 poplitibus
787 3905 968 3969 subduntur
981 3926 1069 3970 more
1083 3908 1214 3973 rubetae.

440 4005 640 4070 Jsmdndum
656 4007 793 4072 celebris
807 4009 953 4091 spolians
968 4006 1113 4072 Nilotica
1125 4031 1236 4091 regna,

443 4106 582 4178 Quando
599 4107 713 4172 decem
729 4110 840 4193 plagas
855 4129 972 4193 spurca
985 4129 1059 4172 cum
1075 4121 1169 4190 gente
1182 4112 1324 4176 luebant.

704 4215 734 4272 s.
758 4207 811 4272 De
827 4209 1055 4289 Nyctocorace.

442 4309 600 4392 Duplicst
614 4330 665 4375 ars
680 4309 817 4392 geminis
832 4309 911 4372 mihi
924 4330 1042 4373 nomen
1056 4311 1116 4377 rite
1131 4312 1253 4394 figuris,

440 4412 524 4475 Nam
540 4423 663 4495 partem
678 4413 817 4476 tenebras
831 4412 982 4487 retinent,
996 4425 1183 4499 partemque
1198 4416 1352 4482 volucres.

442 4514 529 4578 Raro
543 4535 595 4579 me
610 4515 782 4600 quisquam
799 4525 908 4578 cernet
923 4514 984 4577 snb
999 4515 1071 4579 luce
1087 4536 1217 4580 serena:

873 4633 888 4678 s
