3759 5425
696 710 740 754 llll
755 709 920 755 Laumlws
935 707 1114 757 VIRGINUM.

466 858 620 926 Truditur
633 872 667 928 et
681 863 769 928 siem
785 864 952 946 praestabit
966 863 1076 947 stipite
1089 864 1212 947 prolem
1226 885 1235 923 :

467 959 558 1023 Unio
576 961 619 1024 de
635 963 763 1027 concha
775 971 813 1026 ut
826 964 916 1048 ponti
932 962 1081 1027 sordente
1097 963 1259 1026 nitescens

468 1054 628 1141 Nascitur,
642 1076 676 1126 et
689 1064 819 1148 proprio
835 1075 970 1128 matrem
984 1063 1142 1147 precellit
1157 1063 1302 1137 honore;

464 1161 641 1245 Squalidus
656 1175 693 1228 ut
707 1165 799 1228 sablo
814 1165 914 1248 spreti
928 1165 990 1228 sub
1005 1163 1127 1248 cespite
1143 1164 1236 1242 ruris,

466 1261 602 1329 Bractea
616 1267 762 1331 flaventis
777 1265 936 1349 depromit
951 1266 1008 1330 fila
1022 1267 1154 1331 metelli.

470 1366 515 1428 Ut
529 1367 607 1431 bino
622 1391 701 1433 sena
715 1368 864 1434 claudam
878 1367 1099 1453 paradigmata
1114 1391 1227 1434 versu:

469 1465 523 1529 Sic
539 1488 631 1532 sacra
643 1469 809 1550 virginitas
826 1470 982 1533 coelorum
997 1477 1087 1551 grata
1100 1469 1224 1533 colonis

472 1566 613 1653 Corpore
628 1570 669 1634 de
684 1593 801 1656 spurco
817 1571 914 1636 sumit
927 1570 1104 1655 primordia
1118 1571 1200 1636 vitae.

475 1672 579 1736 Vinea
594 1673 752 1756 frugiferis
765 1685 802 1738 ut
816 1684 942 1738 constat
956 1675 1058 1756 gloria
1073 1675 1206 1758 campis,

472 1771 649 1858 Pampinus
662 1776 837 1840 immensos
853 1774 930 1839 dum
946 1776 1049 1858 gignit
1061 1776 1191 1859 palmite
1206 1777 1328 1851 bouus,

473 1878 599 1942 Vmitor
613 1892 646 1942 et
659 1880 778 1964 spoliat
792 1879 979 1944 frondentes
994 1879 1131 1943 falcibus
1146 1889 1256 1943 antes:

477 1977 590 2043 Sidera
604 1981 758 2064 praeclaro
773 1977 894 2044 cedunt
909 1990 944 2043 ut
958 1978 1079 2043 lumine
1095 1979 1182 2042 Solis

475 2079 605 2143 Lustrat
620 2080 698 2144 dum
713 2091 813 2144 terras
827 2081 960 2165 obliquo
976 2081 1100 2144 tramite
1116 2081 1225 2159 Titan,

476 2180 602 2246 Cuncta
616 2205 827 2267 supernorum
843 2185 1039 2248 convincens
1049 2192 1133 2248 astra
1148 2184 1306 2268 polorum,

478 2283 530 2346 Sic
543 2305 672 2368 quoque
686 2285 852 2367 virginitas
867 2307 940 2370 quae
956 2294 1085 2350 sanctos
1100 2285 1211 2348 inclita
1226 2287 1337 2361 comit,

478 2386 595 2450 Omnia
610 2388 803 2452 Sanctorum
818 2388 1013 2452 transcendit
1028 2387 1161 2471 praemia
1177 2387 1330 2470 supplex.

478 2486 646 2569 integritas
661 2508 791 2571 quoqne
807 2488 957 2552 virtutum
973 2488 1084 2569 regina
1099 2497 1242 2564 vocatur,

478 2587 628 2670 Jungitur
642 2589 798 2669 angelicis
809 2610 883 2652 cum
897 2598 988 2654 casta
1002 2599 1117 2672 sponte
1131 2587 1294 2670 maniplis,

480 2687 574 2764 Haec,
589 2689 733 2773 inquam,
748 2689 847 2753 virtus
862 2690 984 2754 coelesti
1000 2709 1130 2753 mimere
1146 2687 1283 2772 pollens,

480 2790 584 2854 Aurea
597 2790 804 2871 flammigeris
819 2801 950 2875 praestat
964 2787 1140 2873 crepundia
1155 2790 1303 2871 gemmis.

480 2892 654 2974 Virginitas
669 2893 770 2974 fulget
786 2892 886 2955 veluti
899 2892 995 2955 rubra
1009 2912 1151 2975 purpura
1165 2912 1288 2972 regum,

482 2994 554 3064 Qua
566 3004 749 3075 regnatores
764 2993 940 3072 funguntur
949 2993 1024 3077 jure
1039 2993 1139 3076 togati

484 3094 655 3176 Integritas
670 3095 784 3158 animae
800 3114 937 3177 regnans
951 3094 986 3155 in
1002 3114 1136 3177 corpore
1152 3104 1243 3159 casto

483 3194 558 3258 Flos
572 3206 623 3259 est
636 3196 808 3277 virgineus,
823 3196 879 3279 qui
893 3195 997 3259 nescit
1013 3194 1130 3259 damna
1145 3205 1294 3261 senectae.

484 3296 554 3359 Nec
570 3295 658 3360 cadit
670 3296 705 3359 in
720 3306 834 3360 terram
849 3317 911 3360 ceu
926 3294 1037 3359 fronde
1052 3296 1185 3377 ligustra
1198 3295 1361 3361 fatiscunt.

485 3396 613 3461 Cemite
623 3396 785 3461 soecundis
799 3407 835 3461 ut
850 3408 982 3462 rement
996 3397 1064 3460 lilia
1079 3398 1189 3475 sulcis,

484 3500 529 3563 Et
541 3519 614 3562 rosa
627 3499 805 3581 sanguineo
820 3520 878 3582 per
892 3499 1007 3563 dumos
1020 3498 1099 3563 flore
1114 3500 1276 3563 rubescat.

484 3600 539 3663 Ex
553 3602 671 3686 quibus
685 3609 816 3665 ornatus
831 3602 886 3685 qui
901 3602 999 3664 vincit
1013 3599 1092 3663 sorte
1106 3601 1276 3683 palaestris,

486 3702 616 3785 Accipit
629 3702 663 3765 in
679 3702 776 3780 circo,
791 3702 891 3765 victor
906 3700 1089 3778 certamine,
1104 3710 1197 3763 serta.

487 3801 586 3866 Haud
601 3824 695 3866 secus
708 3802 883 3883 integritas,
899 3799 1026 3864 devicta
1041 3821 1135 3864 earne
1150 3800 1274 3875 rebelli,

487 3903 591 3987 Atque
606 3902 818 3967 nefandorum
833 3900 1000 3986 prostratis
1016 3910 1120 3982 strage
1135 3901 1282 3976 catervis,

489 4002 645 4067 Pulchrae
659 4003 808 4085 gestabit,
823 4002 954 4066 Christo
969 4010 1133 4083 regnante,
1148 4020 1293 4064 coronas.

531 4104 686 4176 Quamvis
700 4102 870 4184 integritus
886 4112 1016 4165 ornetur
1029 4100 1125 4165 laude
1139 4111 1324 4175 metrorum,

488 4206 593 4287 Atque
607 4202 800 4288 pudicorum
815 4205 994 4268 crebrescat
1008 4202 1072 4266 vita
1085 4222 1145 4287 per
1160 4222 1274 4266 aevum.

490 4304 565 4367 Non
581 4316 688 4367 tamen
703 4314 822 4367 aterno
837 4302 1024 4367 fraudantur
1038 4324 1168 4368 munere
1184 4301 1316 4380 Christi,

490 4407 555 4479 Qui
570 4426 727 4471 concessa
741 4408 853 4470 colunt
865 4405 965 4469 licitae
981 4405 1145 4470 connubia
1159 4405 1244 4483 vitre,

493 4510 567 4571 Non
583 4530 659 4589 ergo
674 4510 796 4590 argenti
812 4508 987 4594 squalescit
1000 4521 1106 4593 spreta
1120 4508 1241 4587 libella,
