<?xml version="1.0" encoding="UTF-8"?>
<!DOCTYPE html PUBLIC "-//W3C//DTD XHTML 1.0 Transitional//EN"
    "http://www.w3.org/TR/xhtml1/DTD/xhtml1-transitional.dtd">
<html xmlns="http://www.w3.org/1999/xhtml" xml:lang="en" lang="en">
 <head>
  <title>
</title>
<meta http-equiv="Content-Type" content="text/html;charset=utf-8" />
  <meta name='ocr-system' content='tesseract 3.04.00' />
  <meta name='ocr-capabilities' content='ocr_page ocr_carea ocr_par ocr_line ocrx_word'/>
</head>
<body>
  <div class='ocr_page' id='page_1' title='image "./operaquextantom00aldhgoog_0182.png"; bbox 0 0 3759 5425; ppageno 0'>
   <div class='ocr_carea' id='block_1_1' title="bbox 445 587 1186 667">
    <p class='ocr_par' dir='ltr' id='par_1_1' title="bbox 445 587 1186 667">
     <span class='ocr_line' id='line_1_1' title="bbox 445 587 1186 667; baseline -0.004 -2"><span class='ocrx_word' id='word_1_1' title='bbox 445 587 505 667; x_wconf 78' lang='lat' dir='ltr'><strong>ist</strong></span> <span class='ocrx_word' id='word_1_2' title='bbox 765 601 1186 666; x_wconf 73' lang='lat' dir='ltr'><strong>rrumumuusvrusrruur.ยน</strong></span> 
     </span>
    </p>
   </div>
   <div class='ocr_carea' id='block_1_2' title="bbox 525 771 1430 4497">
    <p class='ocr_par' dir='ltr' id='par_1_2' title="bbox 525 771 1369 1059">
     <span class='ocr_line' id='line_1_2' title="bbox 525 771 1363 856; baseline -0.008 -19"><span class='ocrx_word' id='word_1_3' title='bbox 525 774 670 846; x_wconf 91' lang='lat' dir='ltr'><strong>Quorum</strong></span> <span class='ocrx_word' id='word_1_4' title='bbox 680 771 861 856; x_wconf 86' lang='lat' dir='ltr'><strong>progenies,</strong></span> <span class='ocrx_word' id='word_1_5' title='bbox 875 781 909 836; x_wconf 90' lang='lat' dir='ltr'><strong>et</strong></span> <span class='ocrx_word' id='word_1_6' title='bbox 922 771 975 836; x_wconf 84' lang='lat' dir='ltr'><strong>uri</strong></span> <span class='ocrx_word' id='word_1_7' title='bbox 991 772 1206 854; x_wconf 80' lang='lat' dir='ltr'><strong>glomerantur</strong></span> <span class='ocrx_word' id='word_1_8' title='bbox 1221 791 1363 834; x_wconf 88' lang='lat' dir='ltr'><strong>avorum.</strong></span> 
     </span>
     <span class='ocr_line' id='line_1_3' title="bbox 569 870 1337 958; baseline -0.008 -18"><span class='ocrx_word' id='word_1_9' title='bbox 569 876 643 940; x_wconf 85' lang='lat' dir='ltr'><strong>Jam</strong></span> <span class='ocrx_word' id='word_1_10' title='bbox 660 873 721 938; x_wconf 81' lang='lat' dir='ltr'><strong>suit</strong></span> <span class='ocrx_word' id='word_1_11' title='bbox 736 873 904 958; x_wconf 75' lang='lat' dir='ltr'><strong>Hesperiae</strong></span> <span class='ocrx_word' id='word_1_12' title='bbox 919 874 1062 938; x_wconf 75' lang='lat' dir='ltr'><strong>famosus</strong></span> <span class='ocrx_word' id='word_1_13' title='bbox 1074 872 1172 936; x_wconf 89' lang='lat' dir='ltr'><strong>laude</strong></span> <span class='ocrx_word' id='word_1_14' title='bbox 1186 870 1337 936; x_wconf 79' lang='lat' dir='ltr'><strong>sacerdos</strong></span> 
     </span>
     <span class='ocr_line' id='line_1_4' title="bbox 529 970 1369 1059; baseline -0.011 -17"><span class='ocrx_word' id='word_1_15' title='bbox 529 975 717 1042; x_wconf 85' lang='lat' dir='ltr'><strong>Ambrosius</strong></span> <span class='ocrx_word' id='word_1_16' title='bbox 732 975 854 1040; x_wconf 83' lang='lat' dir='ltr'>Christi</span> <span class='ocrx_word' id='word_1_17' title='bbox 868 976 1036 1059; x_wconf 89' lang='lat' dir='ltr'><strong>complens</strong></span> <span class='ocrx_word' id='word_1_18' title='bbox 1050 984 1215 1058; x_wconf 75' lang='lat' dir='ltr'><strong>praecepta</strong></span> <span class='ocrx_word' id='word_1_19' title='bbox 1228 970 1369 1054; x_wconf 83' lang='lat' dir='ltr'><strong>benigni,</strong></span> 
     </span>
    </p>

    <p class='ocr_par' dir='ltr' id='par_1_3' title="bbox 525 1073 1430 4497">
     <span class='ocr_line' id='line_1_5' title="bbox 529 1073 1261 1164; baseline -0.008 -21"><span class='ocrx_word' id='word_1_20' title='bbox 529 1078 679 1164; x_wconf 78' lang='lat' dir='ltr'>Spiritus,</span> <span class='ocrx_word' id='word_1_21' title='bbox 694 1087 728 1141; x_wconf 90' lang='lat' dir='ltr'><strong>et</strong></span> <span class='ocrx_word' id='word_1_22' title='bbox 742 1085 840 1140; x_wconf 83' lang='lat' dir='ltr'><strong>castae</strong></span> <span class='ocrx_word' id='word_1_23' title='bbox 855 1076 993 1141; x_wconf 83' lang='lat' dir='ltr'><strong>servarit</strong></span> <span class='ocrx_word' id='word_1_24' title='bbox 1007 1075 1130 1140; x_wconf 88' lang='lat' dir='ltr'><strong>foedera</strong></span> <span class='ocrx_word' id='word_1_25' title='bbox 1143 1073 1261 1153; x_wconf 87' lang='lat' dir='ltr'><strong>carnis,</strong></span> 
     </span>
     <span class='ocr_line' id='line_1_6' title="bbox 527 1174 1380 1258; baseline -0.008 -13"><span class='ocrx_word' id='word_1_26' title='bbox 527 1181 592 1254; x_wconf 87' lang='lat' dir='ltr'><strong>Qui</strong></span> <span class='ocrx_word' id='word_1_27' title='bbox 606 1199 725 1244; x_wconf 90' lang='lat' dir='ltr'><strong>nomen</strong></span> <span class='ocrx_word' id='word_1_28' title='bbox 742 1177 823 1258; x_wconf 82' lang='lat' dir='ltr'><strong>gerit</strong></span> <span class='ocrx_word' id='word_1_29' title='bbox 836 1178 1016 1240; x_wconf 84' lang='lat' dir='ltr'><strong>Ambrosiae</strong></span> <span class='ocrx_word' id='word_1_30' title='bbox 1032 1176 1074 1241; x_wconf 90' lang='lat' dir='ltr'><strong>de</strong></span> <span class='ocrx_word' id='word_1_31' title='bbox 1088 1188 1217 1240; x_wconf 75' lang='lat' dir='ltr'><strong>nectare</strong></span> <span class='ocrx_word' id='word_1_32' title='bbox 1233 1174 1380 1241; x_wconf 90' lang='lat' dir='ltr'><strong>ductum:</strong></span> 
     </span>
     <span class='ocr_line' id='line_1_7' title="bbox 527 1275 1410 1362; baseline -0.009 -17"><span class='ocrx_word' id='word_1_33' title='bbox 527 1281 594 1345; x_wconf 90' lang='lat' dir='ltr'><strong>Hic</strong></span> <span class='ocrx_word' id='word_1_34' title='bbox 609 1290 701 1344; x_wconf 92' lang='lat' dir='ltr'><strong>tener</strong></span> <span class='ocrx_word' id='word_1_35' title='bbox 714 1280 749 1342; x_wconf 90' lang='lat' dir='ltr'><strong>in</strong></span> <span class='ocrx_word' id='word_1_36' title='bbox 765 1277 858 1342; x_wconf 86' lang='lat' dir='ltr'><strong>cunis</strong></span> <span class='ocrx_word' id='word_1_37' title='bbox 873 1275 1037 1362; x_wconf 91' lang='lat' dir='ltr'><strong>quondam</strong></span> <span class='ocrx_word' id='word_1_38' title='bbox 1051 1277 1130 1340; x_wconf 91' lang='lat' dir='ltr'><strong>dum</strong></span> <span class='ocrx_word' id='word_1_39' title='bbox 1143 1277 1297 1360; x_wconf 83' lang='lat' dir='ltr'><strong>parvulus</strong></span> <span class='ocrx_word' id='word_1_40' title='bbox 1311 1288 1410 1338; x_wconf 89' lang='lat' dir='ltr'><strong>esset:</strong></span> 
     </span>
     <span class='ocr_line' id='line_1_8' title="bbox 525 1378 1282 1464; baseline -0.013 -17"><span class='ocrx_word' id='word_1_41' title='bbox 525 1383 648 1464; x_wconf 87' lang='lat' dir='ltr'><strong>Magna</strong></span> <span class='ocrx_word' id='word_1_42' title='bbox 661 1381 837 1444; x_wconf 80' lang='lat' dir='ltr'><strong>futurarum</strong></span> <span class='ocrx_word' id='word_1_43' title='bbox 851 1379 952 1461; x_wconf 80' lang='lat' dir='ltr'><strong>gessit</strong></span> <span class='ocrx_word' id='word_1_44' title='bbox 966 1378 1153 1461; x_wconf 83' lang='lat' dir='ltr'><strong>spectacula</strong></span> <span class='ocrx_word' id='word_1_45' title='bbox 1166 1397 1282 1440; x_wconf 89' lang='lat' dir='ltr'><strong>rerum.</strong></span> 
     </span>
     <span class='ocr_line' id='line_1_9' title="bbox 527 1477 1385 1568; baseline -0.01 -19"><span class='ocrx_word' id='word_1_46' title='bbox 527 1485 678 1568; x_wconf 85' lang='lat' dir='ltr'><strong>Namque</strong></span> <span class='ocrx_word' id='word_1_47' title='bbox 693 1502 830 1546; x_wconf 81' lang='lat' dir='ltr'><strong>examen</strong></span> <span class='ocrx_word' id='word_1_48' title='bbox 846 1501 944 1565; x_wconf 88' lang='lat' dir='ltr'><strong>apum</strong></span> <span class='ocrx_word' id='word_1_49' title='bbox 960 1479 1140 1544; x_wconf 74' lang='lat' dir='ltr'><strong>numerosis</strong></span> <span class='ocrx_word' id='word_1_50' title='bbox 1152 1480 1234 1543; x_wconf 79' lang='lat' dir='ltr'><strong>forte</strong></span> <span class='ocrx_word' id='word_1_51' title='bbox 1250 1477 1385 1543; x_wconf 84' lang='lat' dir='ltr'><strong>catervis</strong></span> 
     </span>
     <span class='ocr_line' id='line_1_10' title="bbox 529 1581 1188 1665; baseline -0.012 -14"><span class='ocrx_word' id='word_1_52' title='bbox 529 1582 685 1651; x_wconf 77' lang='lat' dir='ltr'><strong>Contexit</strong></span> <span class='ocrx_word' id='word_1_53' title='bbox 699 1582 812 1648; x_wconf 80' lang='lat' dir='ltr'><strong>taciem</strong></span> <span class='ocrx_word' id='word_1_54' title='bbox 827 1581 929 1665; x_wconf 89' lang='lat' dir='ltr'><strong>pueri,</strong></span> <span class='ocrx_word' id='word_1_55' title='bbox 944 1581 1091 1645; x_wconf 87' lang='lat' dir='ltr'><strong>mirabile</strong></span> <span class='ocrx_word' id='word_1_56' title='bbox 1105 1581 1188 1644; x_wconf 84' lang='lat' dir='ltr'><strong>futu:</strong></span> 
     </span>
     <span class='ocr_line' id='line_1_11' title="bbox 531 1679 1308 1764; baseline -0.005 -16"><span class='ocrx_word' id='word_1_57' title='bbox 531 1687 611 1760; x_wconf 84' lang='lat' dir='ltr'><strong>Quae</strong></span> <span class='ocrx_word' id='word_1_58' title='bbox 624 1683 705 1747; x_wconf 90' lang='lat' dir='ltr'><strong>licet</strong></span> <span class='ocrx_word' id='word_1_59' title='bbox 717 1680 878 1746; x_wconf 87' lang='lat' dir='ltr'><strong>horrenda</strong></span> <span class='ocrx_word' id='word_1_60' title='bbox 892 1679 1048 1764; x_wconf 80' lang='lat' dir='ltr'><strong>stiparent</strong></span> <span class='ocrx_word' id='word_1_61' title='bbox 1060 1681 1152 1744; x_wconf 87' lang='lat' dir='ltr'><strong>labra</strong></span> <span class='ocrx_word' id='word_1_62' title='bbox 1165 1681 1308 1759; x_wconf 86' lang='lat' dir='ltr'><strong>cohorte,</strong></span> 
     </span>
     <span class='ocr_line' id='line_1_12' title="bbox 529 1783 1336 1868; baseline -0.009 -16"><span class='ocrx_word' id='word_1_63' title='bbox 529 1789 606 1852; x_wconf 91' lang='lat' dir='ltr'><strong>Non</strong></span> <span class='ocrx_word' id='word_1_64' title='bbox 620 1796 728 1850; x_wconf 88' lang='lat' dir='ltr'><strong>tamen</strong></span> <span class='ocrx_word' id='word_1_65' title='bbox 742 1783 877 1848; x_wconf 83' lang='lat' dir='ltr'><strong>infantis</strong></span> <span class='ocrx_word' id='word_1_66' title='bbox 892 1783 994 1848; x_wconf 88' lang='lat' dir='ltr'><strong>sensit</strong></span> <span class='ocrx_word' id='word_1_67' title='bbox 1009 1783 1196 1847; x_wconf 85' lang='lat' dir='ltr'><strong>discrimina</strong></span> <span class='ocrx_word' id='word_1_68' title='bbox 1210 1803 1336 1868; x_wconf 90' lang='lat' dir='ltr'><strong>corpus.</strong></span> 
     </span>
     <span class='ocr_line' id='line_1_13' title="bbox 529 1883 1263 1968; baseline -0.005 -16"><span class='ocrx_word' id='word_1_69' title='bbox 529 1888 584 1953; x_wconf 91' lang='lat' dir='ltr'><strong>Sic</strong></span> <span class='ocrx_word' id='word_1_70' title='bbox 601 1885 707 1951; x_wconf 86' lang='lat' dir='ltr'><strong>crebis</strong></span> <span class='ocrx_word' id='word_1_71' title='bbox 721 1883 847 1949; x_wconf 80' lang='lat' dir='ltr'><strong>vicibus</strong></span> <span class='ocrx_word' id='word_1_72' title='bbox 861 1884 1031 1968; x_wconf 84' lang='lat' dir='ltr'><strong>replebant</strong></span> <span class='ocrx_word' id='word_1_73' title='bbox 1045 1906 1102 1949; x_wconf 90' lang='lat' dir='ltr'><strong>ora</strong></span> <span class='ocrx_word' id='word_1_74' title='bbox 1110 1883 1263 1968; x_wconf 86' lang='lat' dir='ltr'><strong>jacentis,</strong></span> 
     </span>
     <span class='ocr_line' id='line_1_14' title="bbox 527 1986 1323 2072; baseline -0.004 -20"><span class='ocrx_word' id='word_1_75' title='bbox 527 1991 634 2072; x_wconf 84' lang='lat' dir='ltr'><strong>Atque</strong></span> <span class='ocrx_word' id='word_1_76' title='bbox 649 1987 833 2052; x_wconf 86' lang='lat' dir='ltr'><strong>catervatim</strong></span> <span class='ocrx_word' id='word_1_77' title='bbox 848 2007 974 2050; x_wconf 91' lang='lat' dir='ltr'><strong>rursum</strong></span> <span class='ocrx_word' id='word_1_78' title='bbox 986 2007 1127 2051; x_wconf 88' lang='lat' dir='ltr'><strong>remeare</strong></span> <span class='ocrx_word' id='word_1_79' title='bbox 1141 1986 1323 2050; x_wconf 88' lang='lat' dir='ltr'><strong>studebant.</strong></span> 
     </span>
     <span class='ocr_line' id='line_1_15' title="bbox 526 2086 1333 2170; baseline -0.006 -16"><span class='ocrx_word' id='word_1_80' title='bbox 526 2092 605 2154; x_wconf 89' lang='lat' dir='ltr'><strong>Post</strong></span> <span class='ocrx_word' id='word_1_81' title='bbox 618 2088 689 2152; x_wconf 75' lang='lat' dir='ltr'><strong>haec</strong></span> <span class='ocrx_word' id='word_1_82' title='bbox 705 2086 853 2152; x_wconf 69' lang='lat' dir='ltr'><strong>aetherios</strong></span> <span class='ocrx_word' id='word_1_83' title='bbox 867 2095 1048 2170; x_wconf 86' lang='lat' dir='ltr'><strong>repetentes</strong></span> <span class='ocrx_word' id='word_1_84' title='bbox 1063 2088 1189 2169; x_wconf 87' lang='lat' dir='ltr'><strong>agmine</strong></span> <span class='ocrx_word' id='word_1_85' title='bbox 1202 2086 1333 2150; x_wconf 85' lang='lat' dir='ltr'><strong>nimbos</strong></span> 
     </span>
     <span class='ocr_line' id='line_1_16' title="bbox 530 2187 1271 2272; baseline -0.004 -17"><span class='ocrx_word' id='word_1_86' title='bbox 530 2190 663 2256; x_wconf 91' lang='lat' dir='ltr'><strong>Visibus</strong></span> <span class='ocrx_word' id='word_1_87' title='bbox 676 2187 826 2252; x_wconf 84' lang='lat' dir='ltr'><strong>humanis</strong></span> <span class='ocrx_word' id='word_1_88' title='bbox 841 2199 965 2252; x_wconf 90' lang='lat' dir='ltr'><strong>certant</strong></span> <span class='ocrx_word' id='word_1_89' title='bbox 978 2187 1151 2253; x_wconf 88' lang='lat' dir='ltr'><strong>abscedere</strong></span> <span class='ocrx_word' id='word_1_90' title='bbox 1166 2209 1271 2272; x_wconf 89' lang='lat' dir='ltr'><strong>porro.</strong></span> 
     </span>
     <span class='ocr_line' id='line_1_17' title="bbox 530 2289 1370 2374; baseline -0.004 -18"><span class='ocrx_word' id='word_1_91' title='bbox 530 2293 614 2356; x_wconf 89' lang='lat' dir='ltr'><strong>Haec</strong></span> <span class='ocrx_word' id='word_1_92' title='bbox 629 2301 723 2374; x_wconf 88' lang='lat' dir='ltr'><strong>pater</strong></span> <span class='ocrx_word' id='word_1_93' title='bbox 736 2289 900 2353; x_wconf 88' lang='lat' dir='ltr'><strong>Ambrosii</strong></span> <span class='ocrx_word' id='word_1_94' title='bbox 915 2289 1040 2373; x_wconf 82' lang='lat' dir='ltr'><strong>stupuit</strong></span> <span class='ocrx_word' id='word_1_95' title='bbox 1055 2289 1210 2354; x_wconf 87' lang='lat' dir='ltr'><strong>miracula</strong></span> <span class='ocrx_word' id='word_1_96' title='bbox 1223 2310 1370 2367; x_wconf 88' lang='lat' dir='ltr'><strong>cernens,</strong></span> 
     </span>
     <span class='ocr_line' id='line_1_18' title="bbox 526 2391 1243 2478; baseline -0.006 -19"><span class='ocrx_word' id='word_1_97' title='bbox 526 2395 556 2459; x_wconf 80' lang='lat' dir='ltr'>A</span> <span class='ocrx_word' id='word_1_98' title='bbox 571 2415 637 2478; x_wconf 92' lang='lat' dir='ltr'><strong>quo</strong></span> <span class='ocrx_word' id='word_1_99' title='bbox 653 2391 782 2456; x_wconf 88' lang='lat' dir='ltr'><strong>sortitur</strong></span> <span class='ocrx_word' id='word_1_100' title='bbox 796 2412 913 2455; x_wconf 89' lang='lat' dir='ltr'><strong>nomen</strong></span> <span class='ocrx_word' id='word_1_101' title='bbox 929 2392 977 2455; x_wconf 89' lang='lat' dir='ltr'><strong>sic</strong></span> <span class='ocrx_word' id='word_1_102' title='bbox 992 2391 1114 2475; x_wconf 84' lang='lat' dir='ltr'><strong>inclyta</strong></span> <span class='ocrx_word' id='word_1_103' title='bbox 1128 2393 1243 2476; x_wconf 82' lang='lat' dir='ltr'><strong>proles</strong></span> 
     </span>
     <span class='ocr_line' id='line_1_19' title="bbox 527 2491 1402 2576; baseline -0.003 -18"><span class='ocrx_word' id='word_1_104' title='bbox 527 2495 603 2558; x_wconf 91' lang='lat' dir='ltr'><strong>Hoc</strong></span> <span class='ocrx_word' id='word_1_105' title='bbox 618 2513 737 2576; x_wconf 91' lang='lat' dir='ltr'><strong>nempe</strong></span> <span class='ocrx_word' id='word_1_106' title='bbox 753 2513 890 2556; x_wconf 85' lang='lat' dir='ltr'><strong>examen</strong></span> <span class='ocrx_word' id='word_1_107' title='bbox 906 2513 970 2576; x_wconf 89' lang='lat' dir='ltr'><strong>quo</strong></span> <span class='ocrx_word' id='word_1_108' title='bbox 986 2492 1091 2556; x_wconf 88' lang='lat' dir='ltr'><strong>sancti</strong></span> <span class='ocrx_word' id='word_1_109' title='bbox 1105 2494 1195 2557; x_wconf 87' lang='lat' dir='ltr'><strong>labra</strong></span> <span class='ocrx_word' id='word_1_110' title='bbox 1209 2491 1402 2569; x_wconf 89' lang='lat' dir='ltr'><strong>redundant,</strong></span> 
     </span>
     <span class='ocr_line' id='line_1_20' title="bbox 529 2592 1299 2677; baseline -0.001 -18"><span class='ocrx_word' id='word_1_111' title='bbox 529 2593 652 2659; x_wconf 89' lang='lat' dir='ltr'><strong>Dulcia</strong></span> <span class='ocrx_word' id='word_1_112' title='bbox 666 2593 841 2656; x_wconf 88' lang='lat' dir='ltr'><strong>mulsorum</strong></span> <span class='ocrx_word' id='word_1_113' title='bbox 856 2592 1018 2677; x_wconf 88' lang='lat' dir='ltr'><strong>portendit</strong></span> <span class='ocrx_word' id='word_1_114' title='bbox 1035 2595 1130 2657; x_wconf 83' lang='lat' dir='ltr'><strong>rerba</strong></span> <span class='ocrx_word' id='word_1_115' title='bbox 1144 2594 1299 2672; x_wconf 80' lang='lat' dir='ltr'><strong>favorum,</strong></span> 
     </span>
     <span class='ocr_line' id='line_1_21' title="bbox 529 2695 1317 2783; baseline -0.003 -21"><span class='ocrx_word' id='word_1_116' title='bbox 529 2699 559 2762; x_wconf 87' lang='lat' dir='ltr'><strong>E</strong></span> <span class='ocrx_word' id='word_1_117' title='bbox 575 2695 695 2780; x_wconf 90' lang='lat' dir='ltr'><strong>quibus</strong></span> <span class='ocrx_word' id='word_1_118' title='bbox 710 2696 831 2761; x_wconf 82' lang='lat' dir='ltr'><strong>affatim</strong></span> <span class='ocrx_word' id='word_1_119' title='bbox 847 2695 1040 2761; x_wconf 89' lang='lat' dir='ltr'><strong>dulcescunt</strong></span> <span class='ocrx_word' id='word_1_120' title='bbox 1053 2709 1188 2783; x_wconf 86' lang='lat' dir='ltr'><strong>pectora</strong></span> <span class='ocrx_word' id='word_1_121' title='bbox 1201 2696 1317 2783; x_wconf 86' lang='lat' dir='ltr'><strong>plebis.</strong></span> 
     </span>
     <span class='ocr_line' id='line_1_22' title="bbox 526 2797 1319 2883; baseline 0 -20"><span class='ocrx_word' id='word_1_122' title='bbox 526 2798 652 2863; x_wconf 81' lang='lat' dir='ltr'><strong>Lucida</strong></span> <span class='ocrx_word' id='word_1_123' title='bbox 665 2797 798 2880; x_wconf 85' lang='lat' dir='ltr'><strong>digessit</strong></span> <span class='ocrx_word' id='word_1_124' title='bbox 811 2798 1013 2862; x_wconf 85' lang='lat' dir='ltr'><strong>venerandus</strong></span> <span class='ocrx_word' id='word_1_125' title='bbox 1027 2801 1184 2883; x_wconf 88' lang='lat' dir='ltr'><strong>opuscula</strong></span> <span class='ocrx_word' id='word_1_126' title='bbox 1195 2799 1319 2879; x_wconf 87' lang='lat' dir='ltr'><strong>doctor,</strong></span> 
     </span>
     <span class='ocr_line' id='line_1_23' title="bbox 527 2898 1307 2986; baseline -0.001 -19"><span class='ocrx_word' id='word_1_127' title='bbox 527 2903 612 2967; x_wconf 88' lang='lat' dir='ltr'><strong>Cum</strong></span> <span class='ocrx_word' id='word_1_128' title='bbox 628 2900 749 2965; x_wconf 85' lang='lat' dir='ltr'><strong>ratione</strong></span> <span class='ocrx_word' id='word_1_129' title='bbox 764 2900 820 2983; x_wconf 87' lang='lat' dir='ltr'><strong>pia</strong></span> <span class='ocrx_word' id='word_1_130' title='bbox 834 2898 983 2986; x_wconf 86' lang='lat' dir='ltr'><strong>pandens</strong></span> <span class='ocrx_word' id='word_1_131' title='bbox 998 2903 1040 2966; x_wconf 87' lang='lat' dir='ltr'><strong>ab</strong></span> <span class='ocrx_word' id='word_1_132' title='bbox 1055 2901 1178 2984; x_wconf 90' lang='lat' dir='ltr'><strong>origine</strong></span> <span class='ocrx_word' id='word_1_133' title='bbox 1193 2903 1307 2985; x_wconf 90' lang='lat' dir='ltr'><strong>prima,</strong></span> 
     </span>
     <span class='ocr_line' id='line_1_24' title="bbox 525 3002 1374 3089; baseline 0.001 -21"><span class='ocrx_word' id='word_1_134' title='bbox 525 3004 670 3079; x_wconf 75' lang='lat' dir='ltr'><strong>Qualiter</strong></span> <span class='ocrx_word' id='word_1_135' title='bbox 683 3002 770 3066; x_wconf 91' lang='lat' dir='ltr'><strong>huuc</strong></span> <span class='ocrx_word' id='word_1_136' title='bbox 785 3002 944 3067; x_wconf 90' lang='lat' dir='ltr'><strong>mundum</strong></span> <span class='ocrx_word' id='word_1_137' title='bbox 958 3004 1074 3067; x_wconf 89' lang='lat' dir='ltr'><strong>summi</strong></span> <span class='ocrx_word' id='word_1_138' title='bbox 1088 3004 1259 3089; x_wconf 89' lang='lat' dir='ltr'><strong>prudentia</strong></span> <span class='ocrx_word' id='word_1_139' title='bbox 1273 3004 1374 3089; x_wconf 87' lang='lat' dir='ltr'><strong>patris</strong></span> 
     </span>
     <span class='ocr_line' id='line_1_25' title="bbox 526 3105 1358 3191; baseline 0 -23"><span class='ocrx_word' id='word_1_140' title='bbox 526 3106 686 3187; x_wconf 87' lang='lat' dir='ltr'><strong>Tempora</strong></span> <span class='ocrx_word' id='word_1_141' title='bbox 700 3116 890 3185; x_wconf 87' lang='lat' dir='ltr'><strong>praesentem</strong></span> <span class='ocrx_word' id='word_1_142' title='bbox 904 3115 981 3168; x_wconf 87' lang='lat' dir='ltr'><strong>tuuc</strong></span> <span class='ocrx_word' id='word_1_143' title='bbox 997 3106 1116 3191; x_wconf 87' lang='lat' dir='ltr'><strong>perbis</strong></span> <span class='ocrx_word' id='word_1_144' title='bbox 1130 3118 1221 3169; x_wconf 89' lang='lat' dir='ltr'><strong>terna</strong></span> <span class='ocrx_word' id='word_1_145' title='bbox 1235 3105 1358 3169; x_wconf 90' lang='lat' dir='ltr'><strong>dierum</strong></span> 
     </span>
     <span class='ocr_line' id='line_1_26' title="bbox 527 3201 1217 3284; baseline -0.001 -16"><span class='ocrx_word' id='word_1_146' title='bbox 527 3206 554 3268; x_wconf 88' lang='lat' dir='ltr'><strong>F</strong></span> <span class='ocrx_word' id='word_1_147' title='bbox 555 3203 653 3268; x_wconf 88' lang='lat' dir='ltr'><strong>ecerit</strong></span> <span class='ocrx_word' id='word_1_148' title='bbox 667 3212 785 3265; x_wconf 83' lang='lat' dir='ltr'><strong>aetemo</strong></span> <span class='ocrx_word' id='word_1_149' title='bbox 801 3201 978 3284; x_wconf 88' lang='lat' dir='ltr'><strong>disponens</strong></span> <span class='ocrx_word' id='word_1_150' title='bbox 993 3204 1113 3266; x_wconf 80' lang='lat' dir='ltr'><strong>saecula</strong></span> <span class='ocrx_word' id='word_1_151' title='bbox 1127 3212 1217 3268; x_wconf 85' lang='lat' dir='ltr'><strong>nutu.</strong></span> 
     </span>
     <span class='ocr_line' id='line_1_27' title="bbox 526 3303 1348 3390; baseline -0.005 -18"><span class='ocrx_word' id='word_1_152' title='bbox 526 3308 610 3372; x_wconf 89' lang='lat' dir='ltr'><strong>Haec</strong></span> <span class='ocrx_word' id='word_1_153' title='bbox 625 3306 757 3390; x_wconf 89' lang='lat' dir='ltr'><strong>inquam</strong></span> <span class='ocrx_word' id='word_1_154' title='bbox 773 3303 886 3369; x_wconf 89' lang='lat' dir='ltr'><strong>docuit</strong></span> <span class='ocrx_word' id='word_1_155' title='bbox 901 3306 1014 3370; x_wconf 88' lang='lat' dir='ltr'><strong>crebro</strong></span> <span class='ocrx_word' id='word_1_156' title='bbox 1027 3326 1173 3369; x_wconf 81' lang='lat' dir='ltr'><strong>sermone</strong></span> <span class='ocrx_word' id='word_1_157' title='bbox 1189 3305 1348 3382; x_wconf 83' lang='lat' dir='ltr'><strong>sacerdos,</strong></span> 
     </span>
     <span class='ocr_line' id='line_1_28' title="bbox 525 3404 1295 3490; baseline -0.004 -18"><span class='ocrx_word' id='word_1_158' title='bbox 525 3409 637 3473; x_wconf 89' lang='lat' dir='ltr'><strong>Plures</strong></span> <span class='ocrx_word' id='word_1_159' title='bbox 651 3405 833 3490; x_wconf 88' lang='lat' dir='ltr'><strong>perducens</strong></span> <span class='ocrx_word' id='word_1_160' title='bbox 848 3404 889 3468; x_wconf 90' lang='lat' dir='ltr'><strong>ad</strong></span> <span class='ocrx_word' id='word_1_161' title='bbox 905 3407 981 3470; x_wconf 88' lang='lat' dir='ltr'><strong>coeli</strong></span> <span class='ocrx_word' id='word_1_162' title='bbox 994 3427 1095 3489; x_wconf 86' lang='lat' dir='ltr'><strong>regna</strong></span> <span class='ocrx_word' id='word_1_163' title='bbox 1106 3407 1295 3490; x_wconf 86' lang='lat' dir='ltr'><strong>phalanges.</strong></span> 
     </span>
     <span class='ocr_line' id='line_1_29' title="bbox 568 3507 1348 3592; baseline 0 -19"><span class='ocrx_word' id='word_1_164' title='bbox 568 3509 706 3573; x_wconf 86' lang='lat' dir='ltr'><strong>Garrula</strong></span> <span class='ocrx_word' id='word_1_165' title='bbox 719 3507 853 3571; x_wconf 88' lang='lat' dir='ltr'><strong>Martini</strong></span> <span class='ocrx_word' id='word_1_166' title='bbox 868 3530 956 3573; x_wconf 90' lang='lat' dir='ltr'><strong>nunc</strong></span> <span class='ocrx_word' id='word_1_167' title='bbox 970 3507 1087 3592; x_wconf 84' lang='lat' dir='ltr'><strong>prodat</strong></span> <span class='ocrx_word' id='word_1_168' title='bbox 1101 3509 1194 3573; x_wconf 89' lang='lat' dir='ltr'><strong>litera</strong></span> <span class='ocrx_word' id='word_1_169' title='bbox 1207 3508 1348 3585; x_wconf 85' lang='lat' dir='ltr'><strong>laudem,</strong></span> 
     </span>
     <span class='ocr_line' id='line_1_30' title="bbox 526 3611 1369 3696; baseline -0.004 -18"><span class='ocrx_word' id='word_1_170' title='bbox 526 3615 632 3687; x_wconf 88' lang='lat' dir='ltr'><strong>Quam</strong></span> <span class='ocrx_word' id='word_1_171' title='bbox 647 3613 790 3677; x_wconf 88' lang='lat' dir='ltr'><strong>celebrat</strong></span> <span class='ocrx_word' id='word_1_172' title='bbox 803 3620 889 3675; x_wconf 87' lang='lat' dir='ltr'><strong>totus</strong></span> <span class='ocrx_word' id='word_1_173' title='bbox 903 3612 1060 3696; x_wconf 86' lang='lat' dir='ltr'><strong>quadrato</strong></span> <span class='ocrx_word' id='word_1_174' title='bbox 1075 3611 1205 3677; x_wconf 89' lang='lat' dir='ltr'><strong>cardine</strong></span> <span class='ocrx_word' id='word_1_175' title='bbox 1221 3611 1369 3676; x_wconf 88' lang='lat' dir='ltr'><strong>mundus.</strong></span> 
     </span>
     <span class='ocr_line' id='line_1_31' title="bbox 527 3713 1430 3799; baseline 0 -20"><span class='ocrx_word' id='word_1_176' title='bbox 527 3715 626 3779; x_wconf 88' lang='lat' dir='ltr'><strong>Hunc</strong></span> <span class='ocrx_word' id='word_1_177' title='bbox 641 3722 732 3799; x_wconf 88' lang='lat' dir='ltr'><strong>pater</strong></span> <span class='ocrx_word' id='word_1_178' title='bbox 746 3713 950 3796; x_wconf 89' lang='lat' dir='ltr'><strong>omnipotens</strong></span> <span class='ocrx_word' id='word_1_179' title='bbox 963 3714 1106 3777; x_wconf 90' lang='lat' dir='ltr'><strong>noudum</strong></span> <span class='ocrx_word' id='word_1_180' title='bbox 1120 3716 1313 3797; x_wconf 86' lang='lat' dir='ltr'><strong>baptismate</strong></span> <span class='ocrx_word' id='word_1_181' title='bbox 1327 3713 1430 3779; x_wconf 90' lang='lat' dir='ltr'><strong>lotum</strong></span> 
     </span>
     <span class='ocr_line' id='line_1_32' title="bbox 526 3814 1346 3893; baseline 0 -14"><span class='ocrx_word' id='word_1_182' title='bbox 526 3816 598 3879; x_wconf 91' lang='lat' dir='ltr'><strong>Nec</strong></span> <span class='ocrx_word' id='word_1_183' title='bbox 612 3815 828 3878; x_wconf 75' lang='lat' dir='ltr'><strong>balsamorum</strong></span> <span class='ocrx_word' id='word_1_184' title='bbox 845 3814 944 3879; x_wconf 82' lang='lat' dir='ltr'><strong>sacris</strong></span> <span class='ocrx_word' id='word_1_185' title='bbox 960 3815 1187 3879; x_wconf 87' lang='lat' dir='ltr'><strong>chrismatibus</strong></span> <span class='ocrx_word' id='word_1_186' title='bbox 1200 3825 1346 3893; x_wconf 90' lang='lat' dir='ltr'><strong>unctum,</strong></span> 
     </span>
     <span class='ocr_line' id='line_1_33' title="bbox 527 3915 1240 4000; baseline -0.003 -19"><span class='ocrx_word' id='word_1_187' title='bbox 527 3918 687 4000; x_wconf 88' lang='lat' dir='ltr'><strong>Tempora</strong></span> <span class='ocrx_word' id='word_1_188' title='bbox 697 3927 856 3979; x_wconf 89' lang='lat' dir='ltr'><strong>nocturno</strong></span> <span class='ocrx_word' id='word_1_189' title='bbox 870 3916 995 3980; x_wconf 85' lang='lat' dir='ltr'><strong>coelesti</strong></span> <span class='ocrx_word' id='word_1_190' title='bbox 1010 3915 1107 3980; x_wconf 89' lang='lat' dir='ltr'><strong>laude</strong></span> <span class='ocrx_word' id='word_1_191' title='bbox 1121 3916 1240 3991; x_wconf 86' lang='lat' dir='ltr'><strong>bearit,</strong></span> 
     </span>
     <span class='ocr_line' id='line_1_34' title="bbox 527 4016 1332 4100; baseline 0 -19"><span class='ocrx_word' id='word_1_192' title='bbox 527 4018 616 4082; x_wconf 89' lang='lat' dir='ltr'><strong>Dum</strong></span> <span class='ocrx_word' id='word_1_193' title='bbox 632 4016 746 4100; x_wconf 89' lang='lat' dir='ltr'><strong>stipem</strong></span> <span class='ocrx_word' id='word_1_194' title='bbox 761 4016 896 4095; x_wconf 88' lang='lat' dir='ltr'><strong>mancis,</strong></span> <span class='ocrx_word' id='word_1_195' title='bbox 911 4028 941 4079; x_wconf 92' lang='lat' dir='ltr'><strong>et</strong></span> <span class='ocrx_word' id='word_1_196' title='bbox 958 4018 1089 4099; x_wconf 90' lang='lat' dir='ltr'><strong>peplum</strong></span> <span class='ocrx_word' id='word_1_197' title='bbox 1106 4016 1202 4082; x_wconf 81' lang='lat' dir='ltr'><strong>ferret</strong></span> <span class='ocrx_word' id='word_1_198' title='bbox 1212 4018 1332 4100; x_wconf 84' lang='lat' dir='ltr'><strong>egenis,</strong></span> 
     </span>
     <span class='ocr_line' id='line_1_35' title="bbox 528 4116 1353 4199; baseline -0.001 -15"><span class='ocrx_word' id='word_1_199' title='bbox 528 4117 658 4184; x_wconf 80' lang='lat' dir='ltr'><strong>Christo</strong></span> <span class='ocrx_word' id='word_1_200' title='bbox 674 4116 808 4181; x_wconf 85' lang='lat' dir='ltr'><strong>devotos</strong></span> <span class='ocrx_word' id='word_1_201' title='bbox 823 4138 895 4181; x_wconf 91' lang='lat' dir='ltr'><strong>cum</strong></span> <span class='ocrx_word' id='word_1_202' title='bbox 907 4117 976 4199; x_wconf 90' lang='lat' dir='ltr'><strong>jam</strong></span> <span class='ocrx_word' id='word_1_203' title='bbox 993 4118 1243 4183; x_wconf 89' lang='lat' dir='ltr'><strong>catechumenus</strong></span> <span class='ocrx_word' id='word_1_204' title='bbox 1258 4132 1353 4184; x_wconf 77' lang='lat' dir='ltr'><strong>esset</strong></span> 
     </span>
     <span class='ocr_line' id='line_1_36' title="bbox 525 4217 1232 4298; baseline 0 -15"><span class='ocrx_word' id='word_1_205' title='bbox 525 4220 607 4294; x_wconf 89' lang='lat' dir='ltr'><strong>Quis</strong></span> <span class='ocrx_word' id='word_1_206' title='bbox 622 4239 696 4283; x_wconf 89' lang='lat' dir='ltr'><strong>vero</strong></span> <span class='ocrx_word' id='word_1_207' title='bbox 712 4217 839 4283; x_wconf 79' lang='lat' dir='ltr'><strong>studeat</strong></span> <span class='ocrx_word' id='word_1_208' title='bbox 854 4217 974 4283; x_wconf 87' lang='lat' dir='ltr'><strong>diserto</strong></span> <span class='ocrx_word' id='word_1_209' title='bbox 992 4218 1110 4283; x_wconf 79' lang='lat' dir='ltr'><strong>famine</strong></span> <span class='ocrx_word' id='word_1_210' title='bbox 1125 4220 1232 4298; x_wconf 84' lang='lat' dir='ltr'><strong>fretus,</strong></span> 
     </span>
     <span class='ocr_line' id='line_1_37' title="bbox 526 4319 1258 4407; baseline 0.004 -22"><span class='ocrx_word' id='word_1_211' title='bbox 526 4320 644 4385; x_wconf 85' lang='lat' dir='ltr'><strong>Omnis</strong></span> <span class='ocrx_word' id='word_1_212' title='bbox 657 4319 810 4384; x_wconf 80' lang='lat' dir='ltr'><strong>virtutum</strong></span> <span class='ocrx_word' id='word_1_213' title='bbox 826 4322 945 4385; x_wconf 87' lang='lat' dir='ltr'><strong>chartis</strong></span> <span class='ocrx_word' id='word_1_214' title='bbox 959 4320 1139 4387; x_wconf 88' lang='lat' dir='ltr'><strong>describere</strong></span> <span class='ocrx_word' id='word_1_215' title='bbox 1154 4324 1258 4407; x_wconf 86' lang='lat' dir='ltr'><strong>signa,</strong></span> 
     </span>
     <span class='ocr_line' id='line_1_38' title="bbox 528 4423 1281 4497; baseline 0.001 -11"><span class='ocrx_word' id='word_1_216' title='bbox 528 4425 656 4497; x_wconf 85' lang='lat' dir='ltr'><strong>Quanta</strong></span> <span class='ocrx_word' id='word_1_217' title='bbox 671 4424 762 4487; x_wconf 88' lang='lat' dir='ltr'><strong>Deus</strong></span> <span class='ocrx_word' id='word_1_218' title='bbox 777 4423 899 4487; x_wconf 87' lang='lat' dir='ltr'><strong>dederit</strong></span> <span class='ocrx_word' id='word_1_219' title='bbox 915 4424 1030 4489; x_wconf 85' lang='lat' dir='ltr'><strong>devoto</strong></span> <span class='ocrx_word' id='word_1_220' title='bbox 1045 4424 1133 4489; x_wconf 89' lang='lat' dir='ltr'><strong>dona</strong></span> <span class='ocrx_word' id='word_1_221' title='bbox 1146 4426 1281 4490; x_wconf 82' lang='lat' dir='ltr'><strong>clienti?</strong></span> 
     </span>
    </p>
   </div>
   <div class='ocr_carea' id='block_1_3' title="bbox 0 0 1884 5425">
    <p class='ocr_par' dir='ltr' id='par_1_4' title="bbox 0 0 1884 5425">
     <span class='ocr_line' id='line_1_39' title="bbox 0 0 1884 5425; baseline 0 1"><span class='ocrx_word' id='word_1_222' title='bbox 0 0 1884 5425; x_wconf 95' lang='lat' dir='ltr'><strong> </strong></span> 
     </span>
    </p>
   </div>
  </div>
 </body>
</html>
