3759 5425
625 702 1098 750 nemunrausvraornrrsns.
1351 688 1393 746 25

340 856 408 918 auri
437 856 615 919 metallum.
668 858 799 920 Teretes
827 877 958 941 quoque
980 856 1183 939 scopulorum
1215 857 1338 936 glareas
1359 867 1392 919 et

340 955 496 1020 rotundos
511 978 721 1040 scrupeorum
737 959 901 1041 lapillulos
922 958 963 1021 de
977 957 1120 1021 arenosis
1139 957 1269 1020 litorum
1284 955 1390 1018 sablo·

341 1058 438 1122 nibus
453 1059 614 1124 adductos
629 1071 741 1123 contra
759 1071 909 1123 creaturae
924 1060 1019 1123 ritum
1042 1059 1076 1121 in
1091 1058 1287 1121 rubicundas
1305 1077 1393 1138 gem·

341 1179 463 1222 marum
487 1160 654 1241 congeries
676 1181 815 1244 superna
836 1158 935 1223 fretus
956 1168 1115 1243 potestate
1143 1157 1295 1223 facillime
1316 1177 1393 1220 con·

342 1262 441 1322 vertit.
489 1263 560 1324 Nec
584 1283 650 1324 nou
673 1261 817 1344 dispersa
838 1281 1033 1342 gemmarum
1056 1259 1222 1340 fragmina,
1242 1279 1315 1341 quae
1338 1256 1393 1322 de·

342 1372 436 1444 cepta
472 1362 708 1426 Germanorum
745 1362 945 1446 simplicitas,
982 1360 1159 1425 secundum
1197 1360 1393 1423 stolidissimi

342 1462 496 1545 sophistae
511 1463 644 1538 monita,
658 1461 700 1526 ad
715 1463 934 1545 spectaculum
950 1463 1037 1544 vulgi
1051 1461 1232 1525 minutatim
1247 1463 1282 1524 in
1295 1462 1395 1528 frusta

342 1565 490 1642 fricabat,
504 1565 539 1627 in
555 1566 723 1647 pristinum
744 1565 925 1629 reformavit
945 1575 1074 1639 statum,
1088 1562 1146 1628 sed
1161 1565 1257 1628 etiam
1277 1574 1393 1629 matro-

343 1687 430 1742 nam,
446 1687 544 1749 quam
561 1687 710 1749 suprema
724 1689 793 1730 sors
815 1667 944 1748 gemina
957 1666 1068 1729 mortis
1082 1668 1289 1732 mulctaverat
1303 1689 1392 1747 urna,

343 1767 445 1829 turbis
473 1769 743 1851 pauperculorum
772 1769 914 1830 subnixa
942 1788 1038 1850 prece
1067 1769 1286 1851 poscentibus,
1310 1791 1392 1854 quos

341 1877 531 1948 sumptuosa
556 1877 693 1950 erogatae
719 1868 813 1951 stipis
838 1868 992 1932 alimonia
1016 1870 1227 1946 sustentabat,
1249 1873 1392 1934 oratione

342 1979 519 2053 sequestra,
534 1968 574 2032 de
589 1970 712 2034 letifero
728 1993 842 2054 sopore
858 1971 1043 2047 suscitavit3
1067 1992 1206 2054 cumque
1221 1971 1393 2037 furibunda

341 2092 543 2154 paganorum
567 2073 731 2136 ferocitate
750 2073 922 2137 crudeliter
948 2083 1123 2154 cogeretur,
1142 2086 1178 2136 ut
1198 2074 1393 2138 mortiferum

341 2173 453 2256 poculi
482 2174 641 2254 haustum,
670 2175 703 2238 iu
742 2197 807 2259 quo
839 2175 982 2239 dirorum
1011 2176 1185 2238 virulentus
1213 2177 1393 2258 graminum

343 2296 462 2338 succus
477 2277 636 2360 simulque
657 2279 837 2340 truculenta
859 2279 1037 2359 regulorum
1058 2290 1090 2341 et
1109 2276 1255 2361 aspidum
1271 2300 1395 2344 venena

343 2373 384 2438 ad
401 2397 476 2459 quae
493 2376 712 2461 quadrupedis
721 2380 839 2441 robetae
855 2390 888 2442 et
902 2380 1061 2461 spalangii
1073 2380 1221 2462 pestifera
1235 2381 1393 2444 confectio

342 2477 495 2541 humanae
510 2488 632 2542 naturae
652 2481 797 2544 nocitura
819 2481 1007 2558 habebatur,
1021 2479 1165 2564 potando
1184 2493 1396 2559 consumeret,

342 2582 511 2664 praemisso
535 2582 654 2646 Christi
676 2583 785 2646 labaro
808 2595 895 2647 tutus
918 2596 951 2648 et
969 2584 1087 2647 Christi
1102 2583 1225 2646 vexillo
1246 2593 1396 2659 armatae,

343 2703 404 2748 nec
420 2695 578 2748 venenata
593 2683 767 2749 draconum
791 2685 981 2750 detrimenta
996 2684 1223 2750 tremebundus
1238 2684 1397 2763 extimuit,

343 2806 404 2848 nec
420 2785 552 2848 horrida
573 2788 684 2849 mortis
705 2786 888 2851 discrimina
906 2787 1048 2870 pallidus
1067 2785 1218 2868 expavit:
1258 2785 1398 2848 Gemina

344 2908 474 2972 quoque
498 2886 721 2951 defunctorum
743 2887 908 2966 cadavera,
928 2909 1009 2973 quos
1029 2888 1147 2950 lethale
1167 2886 1252 2949 virus
1275 2884 1398 2950 crudeli

345 2988 456 3051 mortis
485 2989 586 3051 exitio
615 2988 786 3071 perniciter
814 2998 1037 3073 prostraverat,
1065 2989 1098 3051 in
1128 2988 1298 3072 pristinum
1324 2989 1396 3053 vitae

346 3096 464 3151 statum
484 3089 624 3152 restituit
638 3102 670 3151 et
684 3090 730 3153 sic
751 3090 786 3152 in
801 3090 946 3153 castitate
969 3090 1087 3152 florens
1107 3110 1210 3173 usque
1230 3112 1397 3173 cygnaeam

348 3190 461 3252 vetulae
477 3190 653 3253 senectutis
671 3191 824 3254 caniciem
841 3190 989 3254 soeliciter
1011 3191 1193 3274 permansit
1238 3192 1398 3259 Nonnulli

348 3311 421 3353 vero
441 3289 580 3353 eundern
601 3311 668 3353 non
688 3292 829 3372 generali
849 3302 950 3353 morte
972 3290 1169 3369 defunctum,
1185 3291 1242 3355 sed
1262 3292 1398 3377 speciali

347 3412 459 3453 somno
490 3404 672 3474 soporatum
701 3394 735 3453 iu
764 3393 930 3472 sarcofago
959 3393 1097 3457 vitaliter
1126 3392 1292 3475 quiescere
1321 3413 1398 3455 con·

347 3492 494 3570 tendunt,
503 3514 561 3576 pro
577 3514 617 3555 eo
633 3492 721 3575 quod
733 3494 877 3557 Salvator
888 3492 1019 3557 dixerit:
1044 3494 1083 3555 Si
1096 3513 1170 3556 eum
1186 3496 1253 3557 voto
1266 3515 1400 3556 munem

348 3594 446 3658 donec
468 3596 611 3671 aenium,
629 3596 805 3678 praesertim
821 3616 895 3659 cum
918 3593 959 3657 de
979 3594 1141 3678 sepulchri
1159 3595 1271 3657 tumba
1295 3593 1399 3675 pulvis

349 3697 483 3759 ebulliat
508 3708 541 3759 et
565 3696 658 3778 quasi
687 3696 853 3779 reciproco
883 3696 1034 3779 spirantis
1056 3696 1137 3757 flatu
1166 3694 1200 3756 in
1227 3692 1398 3776 superficie

350 3800 427 3862 autri
443 3800 563 3863 sensim
578 3800 739 3863 scaturiat.

392 3901 558 3981 Didymus
579 3898 742 3981 quondam
759 3900 938 3963 Dominicae
961 3897 1199 3961 resurrectionis
1213 3896 1399 3961 incredulus

349 4014 491 4085 negator,
507 4000 565 4064 sed
582 4002 657 4064 visis
672 4002 838 4065 vulnerum
855 3998 1060 4064 cicatricibus
1075 3996 1224 4061 credulus
1242 3998 1399 4082 praedica·

349 4116 407 4183 tor,
431 4105 489 4188 qui
515 4104 598 4165 ane
621 4104 793 4187 tripertitas
819 4102 921 4167 lndiae
945 4102 1127 4187 provincias
1152 4120 1264 4162 sereno
1289 4101 1398 4163 Eran-

350 4206 459 4287 gelicae
475 4202 717 4288 praedicationis
732 4205 853 4268 lumine
868 4203 1036 4267 illustravit
1050 4210 1083 4265 et
1096 4199 1279 4277 execranda
1298 4201 1399 4264 sacel-

349 4308 453 4371 lorum
470 4308 679 4369 lustrumeuta
699 4318 731 4367 et
753 4306 862 4389 inepta
881 4303 1072 4387 pontificum
1092 4302 1235 4365 flaminia
1255 4302 1400 4366 funditus

350 4406 539 4481 evacuavit;
575 4426 649 4467 eum
673 4404 812 4489 pudicos
832 4404 964 4469 thalanu
983 4415 1147 4467 consortes
1165 4404 1338 4481 instruens,
1359 4405 1400 4467 de

350 4507 551 4589 virginitatis
566 4504 716 4569 laudibus
737 4507 938 4591 loqueretur:
979 4504 1126 4582 Habetis,
1143 4505 1258 4586 inquit,
1271 4504 1398 4584 integri·
