3759 5425
647 687 691 732 na
706 687 873 734 mantuus
889 689 1124 736 visarurrsrrs.
1369 679 1413 738 39

354 837 517 904 catholica
540 839 711 905 fnrctiferis
732 842 919 926 palmitibus
944 842 1132 922 frondescit,
1153 844 1251 925 longe
1279 845 1412 929 lateque

353 940 549 1024 percrebuit,
571 942 665 1026 cujus
694 945 776 1008 altor
805 953 839 1008 et
870 944 1064 1026 dogmatista
1091 945 1207 1010 beatus
1227 946 1416 1012 Alexander

353 1042 562 1107 Alexandriae
590 1045 752 1127 pontifex,
775 1048 815 1110 ab
838 1047 910 1130 ipsa
934 1049 1168 1112 cunabulorum
1197 1047 1412 1112 teneritudine

353 1144 501 1208 extitisse
532 1158 735 1222 memoratur,
762 1159 827 1212 tam
854 1151 1049 1212 notariorum
1075 1149 1287 1226 characteres,
1313 1169 1412 1232 qaam

353 1247 634 1328 grammaticorum
663 1250 824 1334 periodos,
846 1253 918 1314 colo
941 1262 975 1315 et
1001 1261 1160 1316 commate
1190 1253 1412 1335 sequestratim

354 1345 524 1412 distinctas
550 1350 718 1414 affabiliter
747 1350 948 1429 instruendo,
970 1352 1026 1435 qui
1056 1350 1208 1416 videlicet
1229 1353 1416 1416 Alexander

355 1463 527 1534 postquam
551 1453 608 1516 ilia
629 1454 698 1517 Arii
720 1455 895 1520 scismatici
916 1456 951 1518 in
973 1458 1156 1519 abstrusum
1177 1456 1302 1522 latrinae
1323 1458 1413 1522 cuni·

355 1553 465 1616 culum
489 1554 625 1636 turpiter
650 1553 863 1634 defluxerant,
886 1555 1047 1619 Ecclesia
1070 1555 1256 1638 triumphali
1278 1557 1414 1641 tropheo

354 1651 557 1730 sublimatur,
586 1652 643 1717 sed
680 1654 760 1738 quid
790 1655 903 1718 mirum
934 1654 962 1717 si
991 1654 1186 1718 Athanasius
1222 1655 1257 1718 in
1287 1678 1412 1722 summo

354 1751 511 1834 graduum
534 1753 662 1836 fastigio
691 1753 802 1818 diviua
830 1755 1057 1820 charismatum
1081 1757 1184 1836 gratia
1212 1759 1414 1838 pollesceret,

354 1877 428 1920 curn
443 1856 543 1920 etiam
558 1855 729 1920 tenerrima
744 1859 874 1922 aetatula
887 1856 1022 1920 infantis
1043 1877 1250 1940 nequaquam
1264 1879 1412 1942 praesago

353 1957 476 2020 indolis
490 1957 639 2040 prodigio
654 1958 802 2036 caruerit,
817 1958 875 2022 sed
896 1957 1028 2042 puerilis
1042 1957 1191 2022 ludorum
1207 1960 1412 2040 gesticulatio

353 2056 575 2142 pontificalem
612 2057 709 2121 futuri
750 2059 899 2142 praesulis
935 2058 1161 2124 authoritatem
1204 2061 1413 2143 portenderit.

353 2161 487 2224 Etenim
509 2160 648 2243 peractis
666 2160 833 2224 missarum
857 2161 1076 2237 sacramentis,
1092 2163 1300 2244 conspicatur
1313 2166 1413 2229 Alex·

353 2259 455 2324 ander
468 2261 609 2324 investes
620 2281 790 2344 puerorum
806 2272 950 2326 catervas
964 2262 998 2324 in
1015 2261 1145 2324 marinis
1154 2261 1283 2325 litorum
1298 2265 1413 2346 glareis

353 2362 589 2428 sacerdotalem
600 2362 777 2427 Athanasio
793 2363 969 2428 contulisse
984 2363 1193 2427 reverentiam
1209 2375 1241 2428 et
1255 2363 1413 2448 quosdam

353 2464 607 2529 catechumenos
636 2475 668 2528 et
698 2474 919 2547 competentes
949 2466 990 2528 ab
1021 2463 1136 2528 eodem
1165 2466 1302 2547 mystico
1332 2467 1412 2549 bap·

352 2567 494 2630 &matis
508 2565 617 2630 officio
630 2577 833 2646 regeneratos
848 2566 1006 2645 extitisse,
1017 2566 1106 2649 quod
1120 2567 1250 2630 scenico
1263 2567 1414 2632 ludorum

348 2667 428 2753 joco
451 2677 580 2749 gestum
610 2665 747 2731 decretis
768 2666 979 2750 synodalibus
1001 2666 1084 2729 serio
1107 2666 1329 2731 confirmatum
1354 2681 1412 2736 est.

354 2773 457 2854 igitur
472 2768 670 2833 Athanasius
684 2778 759 2853 post
773 2769 897 2832 obitum
912 2766 1088 2831 Alexandri
1110 2778 1238 2849 sumpto
1253 2769 1412 2835 Ecclesia

354 2874 541 2958 praesidatu,
566 2880 704 2955 quantas
732 2870 955 2933 haereticorum
981 2868 1150 2931 machinas
1180 2881 1334 2952 expertus
1359 2872 1412 2951 sit,

353 2983 434 3059 quot
447 2970 668 3037 fraudulentas
682 2970 959 3035 schismaticorum
975 2969 1124 3051 strophas
1138 2969 1316 3053 pertulen't,
1332 2993 1412 3056 quas

353 3074 508 3139 adversus
522 3071 684 3135 insontem
700 3070 838 3133 subdola
852 3069 992 3133 factione
1007 3068 1256 3148 concinnabant,
1266 3069 1412 3135 decimus

352 3172 596 3241 Ecclesiasticus
620 3171 763 3235 historiae
786 3171 906 3235 libera
929 3170 1061 3233 Rufiirm
1086 3168 1292 3249 charaxatus,
1312 3174 1411 3237 absti-

353 3278 495 3363 puletur.
541 3274 592 3337 Ita
613 3293 754 3356 prorsus,
769 3283 805 3334 ut
820 3270 1011 3334 Constantio
1027 3272 1184 3353 Augusto,
1200 3273 1257 3355 qui
1272 3273 1412 3337 Orientis

352 3378 480 3462 imperii
502 3385 631 3459 sceptra
652 3374 865 3457 gubernabat,
888 3374 1033 3437 evulsum
1060 3371 1223 3437 cadaveris
1245 3376 1413 3454 lacertum,

355 3492 389 3545 et
401 3481 437 3541 in
453 3478 656 3561 sarcophago
669 3476 813 3541 delatum
837 3474 1053 3553 ostenderent,
1068 3496 1165 3557 quem
1180 3477 1221 3539 ab
1236 3474 1413 3539 Athanasio

355 3581 492 3663 magicae
511 3576 632 3643 fraudis
650 3575 869 3641 necromantia
889 3573 929 3639 de
944 3575 1073 3638 Arsenii
1095 3596 1229 3658 corpore
1250 3578 1411 3639 sublatum

354 3683 515 3749 fallaciter
544 3680 729 3744 retulerunt.
782 3678 985 3760 Quapropter
1015 3678 1195 3760 Imperator
1223 3678 1413 3742 commentis

355 3784 579 3849 haereticorum
590 3778 848 3843 lenocinantibus
857 3777 995 3849 illectus,
1004 3788 1038 3841 et
1047 3778 1209 3861 probrosis
1220 3775 1415 3845 factionibus

356 3886 516 3968 deceptus
529 3882 563 3945 in
575 3882 716 3945 concilio
731 3880 901 3964 praesulem
913 3879 1094 3942 inconsulte
1109 3878 1319 3943 condemnari
1331 3902 1411 3965 prae·

354 3989 445 4073 cipit
491 3988 612 4049 Verum
632 3984 798 4061 Arsanias,
814 3982 871 4066 qui
894 3980 1057 4065 quondam
1075 3983 1109 4044 in
1132 3982 1261 4067 pulpito
1280 3985 1413 4049 lectoris

354 4092 465 4157 officio
480 4088 683 4171 fungebatur,
698 4108 827 4153 omnem
841 4084 1027 4149 concinnati
1048 4085 1178 4148 sceleris
1192 4106 1322 4149 scenam
1338 4107 1409 4169 pro-

353 4196 447 4275 didit,
473 4204 506 4257 et
536 4212 665 4257 sacrum
690 4190 854 4255 flaminem
882 4209 901 4251 a
927 4196 994 4250 tam
1023 4186 1193 4269 flagitiosis
1216 4187 1412 4255 facinoribus

353 4299 533 4361 immunem
564 4314 636 4357 esse
666 4290 850 4359 declaravit.
896 4289 924 4352 Ο
949 4299 1088 4372 quantus
1117 4289 1276 4371 quosdam
1298 4295 1412 4357 attritae

354 4400 466 4463 frontis
488 4396 596 4480 pallor
623 4395 667 4458 ob
689 4394 851 4459 detectum
882 4388 1012 4455 sceleris
1041 4401 1163 4455 reatum
1186 4395 1413 4460 tremebundos

354 4502 469 4586 arguit,
484 4508 519 4565 et
534 4520 552 4563 e
569 4496 696 4561 diverso
718 4495 921 4581 quorundam
936 4493 1043 4557 vultus
1062 4515 1240 4579 purpureus
1259 4520 1412 4579 genarum
