<?xml version="1.0" encoding="UTF-8"?>
<!DOCTYPE html PUBLIC "-//W3C//DTD XHTML 1.0 Transitional//EN"
    "http://www.w3.org/TR/xhtml1/DTD/xhtml1-transitional.dtd">
<html xmlns="http://www.w3.org/1999/xhtml" xml:lang="en" lang="en">
 <head>
  <title>
</title>
<meta http-equiv="Content-Type" content="text/html;charset=utf-8" />
  <meta name='ocr-system' content='tesseract 3.04.00' />
  <meta name='ocr-capabilities' content='ocr_page ocr_carea ocr_par ocr_line ocrx_word'/>
</head>
<body>
  <div class='ocr_page' id='page_1' title='image "./operaquextantom00aldhgoog_0230.png"; bbox 0 0 3759 5425; ppageno 0'>
   <div class='ocr_carea' id='block_1_1' title="bbox 753 679 1175 730">
    <p class='ocr_par' dir='ltr' id='par_1_1' title="bbox 753 679 1175 730">
     <span class='ocr_line' id='line_1_1' title="bbox 753 679 1175 730; baseline -0.009 0"><span class='ocrx_word' id='word_1_1' title='bbox 753 685 796 730; x_wconf 76' lang='lat' dir='ltr'><strong>ut</strong></span> <span class='ocrx_word' id='word_1_2' title='bbox 811 681 977 730; x_wconf 71' lang='lat' dir='ltr'><strong>moninus</strong></span> <span class='ocrx_word' id='word_1_3' title='bbox 992 679 1175 730; x_wconf 69' lang='lat' dir='ltr'><strong>vinetum.</strong></span> 
     </span>
    </p>
   </div>
   <div class='ocr_carea' id='block_1_2' title="bbox 510 836 1397 2947">
    <p class='ocr_par' dir='ltr' id='par_1_2' title="bbox 510 836 1321 1122">
     <span class='ocr_line' id='line_1_2' title="bbox 512 836 1321 913; baseline -0.004 -13"><span class='ocrx_word' id='word_1_4' title='bbox 512 838 685 900; x_wconf 77' lang='lat' dir='ltr'><strong>vermibus</strong></span> <span class='ocrx_word' id='word_1_5' title='bbox 699 847 732 902; x_wconf 91' lang='lat' dir='ltr'><strong>et</strong></span> <span class='ocrx_word' id='word_1_6' title='bbox 747 848 887 913; x_wconf 85' lang='lat' dir='ltr'><strong>scatens,</strong></span> <span class='ocrx_word' id='word_1_7' title='bbox 900 836 1022 901; x_wconf 88' lang='lat' dir='ltr'><strong>efflavit</strong></span> <span class='ocrx_word' id='word_1_8' title='bbox 1036 837 1154 900; x_wconf 88' lang='lat' dir='ltr'><strong>flamen</strong></span> <span class='ocrx_word' id='word_1_9' title='bbox 1170 837 1203 900; x_wconf 91' lang='lat' dir='ltr'><strong>in</strong></span> <span class='ocrx_word' id='word_1_10' title='bbox 1219 856 1321 899; x_wconf 84' lang='lat' dir='ltr'><strong>auras.</strong></span> 
     </span>
     <span class='ocr_line' id='line_1_3' title="bbox 510 938 1245 1023; baseline -0.005 -19"><span class='ocrx_word' id='word_1_11' title='bbox 510 938 565 1004; x_wconf 88' lang='lat' dir='ltr'><strong>Sic</strong></span> <span class='ocrx_word' id='word_1_12' title='bbox 581 960 710 1023; x_wconf 90' lang='lat' dir='ltr'><strong>quoque</strong></span> <span class='ocrx_word' id='word_1_13' title='bbox 726 939 868 1014; x_wconf 81' lang='lat' dir='ltr'><strong>famosis,</strong></span> <span class='ocrx_word' id='word_1_14' title='bbox 881 938 962 1002; x_wconf 83' lang='lat' dir='ltr'><strong>felix</strong></span> <span class='ocrx_word' id='word_1_15' title='bbox 977 938 1130 1001; x_wconf 84' lang='lat' dir='ltr'><strong>Anatolis</strong></span> <span class='ocrx_word' id='word_1_16' title='bbox 1144 938 1245 1020; x_wconf 88' lang='lat' dir='ltr'><strong>signis</strong></span> 
     </span>
     <span class='ocr_line' id='line_1_4' title="bbox 512 1039 1203 1122; baseline -0.006 -18"><span class='ocrx_word' id='word_1_17' title='bbox 512 1041 645 1118; x_wconf 85' lang='lat' dir='ltr'><strong>Clarnit,</strong></span> <span class='ocrx_word' id='word_1_18' title='bbox 659 1039 793 1104; x_wconf 85' lang='lat' dir='ltr'><strong>exilium</strong></span> <span class='ocrx_word' id='word_1_19' title='bbox 807 1039 883 1103; x_wconf 79' lang='lat' dir='ltr'><strong>soevi</strong></span> <span class='ocrx_word' id='word_1_20' title='bbox 898 1059 1053 1122; x_wconf 88' lang='lat' dir='ltr'><strong>perpessa</strong></span> <span class='ocrx_word' id='word_1_21' title='bbox 1068 1039 1203 1120; x_wconf 80' lang='lat' dir='ltr'><strong>tyranni.</strong></span> 
     </span>
    </p>

    <p class='ocr_par' dir='ltr' id='par_1_3' title="bbox 511 1139 1387 1729">
     <span class='ocr_line' id='line_1_5' title="bbox 512 1139 1382 1216; baseline -0.005 -10"><span class='ocrx_word' id='word_1_22' title='bbox 512 1141 664 1206; x_wconf 74' lang='lat' dir='ltr'><strong>Consulis</strong></span> <span class='ocrx_word' id='word_1_23' title='bbox 678 1162 720 1204; x_wconf 93' lang='lat' dir='ltr'><strong>en</strong></span> <span class='ocrx_word' id='word_1_24' title='bbox 735 1142 879 1206; x_wconf 86' lang='lat' dir='ltr'><strong>sobolem</strong></span> <span class='ocrx_word' id='word_1_25' title='bbox 896 1141 1102 1204; x_wconf 77' lang='lat' dir='ltr'><strong>constrictam</strong></span> <span class='ocrx_word' id='word_1_26' title='bbox 1118 1139 1259 1205; x_wconf 83' lang='lat' dir='ltr'><strong>nexibus</strong></span> <span class='ocrx_word' id='word_1_27' title='bbox 1273 1139 1382 1216; x_wconf 82' lang='lat' dir='ltr'><strong>arctis,</strong></span> 
     </span>
     <span class='ocr_line' id='line_1_6' title="bbox 511 1240 1313 1326; baseline -0.002 -20"><span class='ocrx_word' id='word_1_28' title='bbox 511 1245 690 1326; x_wconf 81' lang='lat' dir='ltr'><strong>Expertem</strong></span> <span class='ocrx_word' id='word_1_29' title='bbox 704 1263 820 1306; x_wconf 90' lang='lat' dir='ltr'><strong>sensus</strong></span> <span class='ocrx_word' id='word_1_30' title='bbox 835 1261 910 1305; x_wconf 90' lang='lat' dir='ltr'><strong>cum</strong></span> <span class='ocrx_word' id='word_1_31' title='bbox 923 1243 1018 1304; x_wconf 85' lang='lat' dir='ltr'><strong>bruta</strong></span> <span class='ocrx_word' id='word_1_32' title='bbox 1032 1250 1138 1304; x_wconf 90' lang='lat' dir='ltr'><strong>mente</strong></span> <span class='ocrx_word' id='word_1_33' title='bbox 1155 1240 1313 1322; x_wconf 83' lang='lat' dir='ltr'><strong>vagando,</strong></span> 
     </span>
     <span class='ocr_line' id='line_1_7' title="bbox 512 1342 1307 1426; baseline -0.005 -18"><span class='ocrx_word' id='word_1_34' title='bbox 512 1344 672 1408; x_wconf 73' lang='lat' dir='ltr'><strong>Hostibus</strong></span> <span class='ocrx_word' id='word_1_35' title='bbox 686 1343 832 1426; x_wconf 84' lang='lat' dir='ltr'><strong>explosis</strong></span> <span class='ocrx_word' id='word_1_36' title='bbox 846 1350 1001 1406; x_wconf 87' lang='lat' dir='ltr'><strong>restaurat</strong></span> <span class='ocrx_word' id='word_1_37' title='bbox 1014 1352 1128 1426; x_wconf 88' lang='lat' dir='ltr'><strong>pectus</strong></span> <span class='ocrx_word' id='word_1_38' title='bbox 1143 1342 1307 1420; x_wconf 86' lang='lat' dir='ltr'><strong>anhelum,</strong></span> 
     </span>
     <span class='ocr_line' id='line_1_8' title="bbox 513 1443 1243 1527; baseline -0.001 -20"><span class='ocrx_word' id='word_1_39' title='bbox 513 1446 587 1517; x_wconf 90' lang='lat' dir='ltr'><strong>Quo</strong></span> <span class='ocrx_word' id='word_1_40' title='bbox 602 1465 727 1508; x_wconf 80' lang='lat' dir='ltr'><strong>murore</strong></span> <span class='ocrx_word' id='word_1_41' title='bbox 741 1444 815 1508; x_wconf 92' lang='lat' dir='ltr'><strong>rudi</strong></span> <span class='ocrx_word' id='word_1_42' title='bbox 830 1443 965 1506; x_wconf 87' lang='lat' dir='ltr'><strong>diversis</strong></span> <span class='ocrx_word' id='word_1_43' title='bbox 978 1443 1125 1527; x_wconf 85' lang='lat' dir='ltr'><strong>pestibus</strong></span> <span class='ocrx_word' id='word_1_44' title='bbox 1140 1463 1243 1526; x_wconf 78' lang='lat' dir='ltr'><strong>oegros</strong></span> 
     </span>
     <span class='ocr_line' id='line_1_9' title="bbox 514 1543 1387 1628; baseline -0.005 -18"><span class='ocrx_word' id='word_1_45' title='bbox 514 1545 764 1628; x_wconf 76' lang='lat' dir='ltr'><strong>conglomerant</strong></span> <span class='ocrx_word' id='word_1_46' title='bbox 777 1545 895 1627; x_wconf 87' lang='lat' dir='ltr'><strong>pariter</strong></span> <span class='ocrx_word' id='word_1_47' title='bbox 909 1543 1065 1626; x_wconf 74' lang='lat' dir='ltr'><strong>stipantes</strong></span> <span class='ocrx_word' id='word_1_48' title='bbox 1080 1545 1208 1625; x_wconf 83' lang='lat' dir='ltr'><strong>agmine</strong></span> <span class='ocrx_word' id='word_1_49' title='bbox 1223 1554 1387 1620; x_wconf 82' lang='lat' dir='ltr'><strong>sanctcm3</strong></span> 
     </span>
     <span class='ocr_line' id='line_1_10' title="bbox 514 1644 1199 1729; baseline -0.004 -18"><span class='ocrx_word' id='word_1_50' title='bbox 514 1648 597 1711; x_wconf 89' lang='lat' dir='ltr'><strong>Ollis</strong></span> <span class='ocrx_word' id='word_1_51' title='bbox 611 1655 752 1729; x_wconf 84' lang='lat' dir='ltr'><strong>optatam</strong></span> <span class='ocrx_word' id='word_1_52' title='bbox 766 1644 923 1710; x_wconf 87' lang='lat' dir='ltr'><strong>reddebat</strong></span> <span class='ocrx_word' id='word_1_53' title='bbox 937 1645 1027 1726; x_wconf 85' lang='lat' dir='ltr'><strong>virgo</strong></span> <span class='ocrx_word' id='word_1_54' title='bbox 1043 1647 1199 1725; x_wconf 69' lang='lat' dir='ltr'><strong>salutem</strong></span> 
     </span>
    </p>

    <p class='ocr_par' dir='ltr' id='par_1_4' title="bbox 514 1747 1397 2947">
     <span class='ocr_line' id='line_1_11' title="bbox 515 1747 1397 1830; baseline -0.002 -19"><span class='ocrx_word' id='word_1_55' title='bbox 515 1750 588 1812; x_wconf 87' lang='lat' dir='ltr'><strong>Neo</strong></span> <span class='ocrx_word' id='word_1_56' title='bbox 603 1767 669 1810; x_wconf 92' lang='lat' dir='ltr'><strong>non</strong></span> <span class='ocrx_word' id='word_1_57' title='bbox 684 1756 716 1810; x_wconf 87' lang='lat' dir='ltr'><strong>et</strong></span> <span class='ocrx_word' id='word_1_58' title='bbox 730 1766 883 1823; x_wconf 85' lang='lat' dir='ltr'><strong>morsum,</strong></span> <span class='ocrx_word' id='word_1_59' title='bbox 898 1747 954 1830; x_wconf 89' lang='lat' dir='ltr'><strong>qui</strong></span> <span class='ocrx_word' id='word_1_60' title='bbox 970 1757 1090 1810; x_wconf 86' lang='lat' dir='ltr'><strong>torvam</strong></span> <span class='ocrx_word' id='word_1_61' title='bbox 1107 1749 1248 1812; x_wconf 85' lang='lat' dir='ltr'><strong>carmine</strong></span> <span class='ocrx_word' id='word_1_62' title='bbox 1262 1767 1397 1830; x_wconf 77' lang='lat' dir='ltr'><strong>gypsam</strong></span> 
     </span>
     <span class='ocr_line' id='line_1_12' title="bbox 515 1847 1250 1926; baseline -0.001 -13"><span class='ocrx_word' id='word_1_63' title='bbox 515 1849 625 1913; x_wconf 87' lang='lat' dir='ltr'><strong>Irritat</strong></span> <span class='ocrx_word' id='word_1_64' title='bbox 638 1858 677 1912; x_wconf 91' lang='lat' dir='ltr'><strong>ut</strong></span> <span class='ocrx_word' id='word_1_65' title='bbox 690 1857 821 1912; x_wconf 86' lang='lat' dir='ltr'><strong>sanctos</strong></span> <span class='ocrx_word' id='word_1_66' title='bbox 836 1847 981 1911; x_wconf 88' lang='lat' dir='ltr'><strong>crudelis</strong></span> <span class='ocrx_word' id='word_1_67' title='bbox 994 1848 1089 1912; x_wconf 87' lang='lat' dir='ltr'><strong>belva</strong></span> <span class='ocrx_word' id='word_1_68' title='bbox 1102 1849 1250 1926; x_wconf 88' lang='lat' dir='ltr'><strong>lacertos,</strong></span> 
     </span>
     <span class='ocr_line' id='line_1_13' title="bbox 514 1948 1257 2033; baseline 0 -17"><span class='ocrx_word' id='word_1_69' title='bbox 514 1951 679 2016; x_wconf 82' lang='lat' dir='ltr'><strong>Dentibus</strong></span> <span class='ocrx_word' id='word_1_70' title='bbox 691 1948 871 2025; x_wconf 85' lang='lat' dir='ltr'><strong>horrendis,</strong></span> <span class='ocrx_word' id='word_1_71' title='bbox 885 1959 918 2012; x_wconf 90' lang='lat' dir='ltr'><strong>et</strong></span> <span class='ocrx_word' id='word_1_72' title='bbox 931 1949 1014 2012; x_wconf 90' lang='lat' dir='ltr'><strong>rictu</strong></span> <span class='ocrx_word' id='word_1_73' title='bbox 1029 1949 1123 2014; x_wconf 89' lang='lat' dir='ltr'><strong>rodat</strong></span> <span class='ocrx_word' id='word_1_74' title='bbox 1136 1961 1257 2033; x_wconf 85' lang='lat' dir='ltr'><strong>aperto,</strong></span> 
     </span>
     <span class='ocr_line' id='line_1_14' title="bbox 514 2049 1310 2134; baseline 0 -20"><span class='ocrx_word' id='word_1_75' title='bbox 514 2051 691 2134; x_wconf 84' lang='lat' dir='ltr'><strong>Extemplo</strong></span> <span class='ocrx_word' id='word_1_76' title='bbox 706 2060 798 2114; x_wconf 87' lang='lat' dir='ltr'><strong>curat</strong></span> <span class='ocrx_word' id='word_1_77' title='bbox 812 2050 1016 2132; x_wconf 84' lang='lat' dir='ltr'><strong>disrumpens</strong></span> <span class='ocrx_word' id='word_1_78' title='bbox 1030 2049 1138 2114; x_wconf 83' lang='lat' dir='ltr'><strong>vincla</strong></span> <span class='ocrx_word' id='word_1_79' title='bbox 1153 2050 1310 2134; x_wconf 84' lang='lat' dir='ltr'><strong>chelydri,</strong></span> 
     </span>
     <span class='ocr_line' id='line_1_15' title="bbox 517 2152 1352 2237; baseline -0.004 -19"><span class='ocrx_word' id='word_1_80' title='bbox 517 2155 582 2228; x_wconf 85' lang='lat' dir='ltr'><strong>Qui</strong></span> <span class='ocrx_word' id='word_1_81' title='bbox 597 2154 685 2237; x_wconf 90' lang='lat' dir='ltr'><strong>prius</strong></span> <span class='ocrx_word' id='word_1_82' title='bbox 699 2153 734 2215; x_wconf 93' lang='lat' dir='ltr'><strong>in</strong></span> <span class='ocrx_word' id='word_1_83' title='bbox 749 2153 836 2235; x_wconf 79' lang='lat' dir='ltr'><strong>spire</strong></span> <span class='ocrx_word' id='word_1_84' title='bbox 850 2172 989 2218; x_wconf 85' lang='lat' dir='ltr'><strong>morsum</strong></span> <span class='ocrx_word' id='word_1_85' title='bbox 1007 2152 1194 2232; x_wconf 85' lang='lat' dir='ltr'><strong>glomerarit</strong></span> <span class='ocrx_word' id='word_1_86' title='bbox 1208 2155 1352 2217; x_wconf 90' lang='lat' dir='ltr'><strong>inertem.</strong></span> 
     </span>
     <span class='ocr_line' id='line_1_16' title="bbox 515 2251 1224 2328; baseline -0.004 -9"><span class='ocrx_word' id='word_1_87' title='bbox 515 2254 646 2319; x_wconf 89' lang='lat' dir='ltr'><strong>Idcirco</strong></span> <span class='ocrx_word' id='word_1_88' title='bbox 661 2253 779 2318; x_wconf 86' lang='lat' dir='ltr'><strong>cursim</strong></span> <span class='ocrx_word' id='word_1_89' title='bbox 794 2251 923 2316; x_wconf 87' lang='lat' dir='ltr'><strong>festinat</strong></span> <span class='ocrx_word' id='word_1_90' title='bbox 938 2251 1066 2316; x_wconf 86' lang='lat' dir='ltr'><strong>credere</strong></span> <span class='ocrx_word' id='word_1_91' title='bbox 1083 2253 1224 2328; x_wconf 85' lang='lat' dir='ltr'><strong>Christo,</strong></span> 
     </span>
     <span class='ocr_line' id='line_1_17' title="bbox 516 2354 1279 2438; baseline -0.001 -19"><span class='ocrx_word' id='word_1_92' title='bbox 516 2358 707 2437; x_wconf 77' lang='lat' dir='ltr'><strong>Agnoscens</strong></span> <span class='ocrx_word' id='word_1_93' title='bbox 721 2355 884 2438; x_wconf 88' lang='lat' dir='ltr'><strong>propriam</strong></span> <span class='ocrx_word' id='word_1_94' title='bbox 900 2361 988 2419; x_wconf 88' lang='lat' dir='ltr'><strong>tanta</strong></span> <span class='ocrx_word' id='word_1_95' title='bbox 1002 2354 1116 2420; x_wconf 79' lang='lat' dir='ltr'><strong>virtute</strong></span> <span class='ocrx_word' id='word_1_96' title='bbox 1132 2356 1279 2434; x_wconf 84' lang='lat' dir='ltr'><strong>salutem,</strong></span> 
     </span>
     <span class='ocr_line' id='line_1_18' title="bbox 515 2455 1339 2538; baseline 0 -18"><span class='ocrx_word' id='word_1_97' title='bbox 515 2459 655 2538; x_wconf 86' lang='lat' dir='ltr'><strong>Insuper</strong></span> <span class='ocrx_word' id='word_1_98' title='bbox 669 2467 702 2520; x_wconf 92' lang='lat' dir='ltr'><strong>et</strong></span> <span class='ocrx_word' id='word_1_99' title='bbox 715 2455 863 2520; x_wconf 87' lang='lat' dir='ltr'><strong>meritum</strong></span> <span class='ocrx_word' id='word_1_100' title='bbox 878 2455 1052 2519; x_wconf 87' lang='lat' dir='ltr'><strong>cumulavit</strong></span> <span class='ocrx_word' id='word_1_101' title='bbox 1067 2456 1231 2538; x_wconf 87' lang='lat' dir='ltr'><strong>sanguinis</strong></span> <span class='ocrx_word' id='word_1_102' title='bbox 1245 2467 1339 2535; x_wconf 87' lang='lat' dir='ltr'><strong>ostro,</strong></span> 
     </span>
     <span class='ocr_line' id='line_1_19' title="bbox 514 2556 1299 2642; baseline -0.004 -20"><span class='ocrx_word' id='word_1_103' title='bbox 514 2559 651 2623; x_wconf 71' lang='lat' dir='ltr'><strong>Praemia</strong></span> <span class='ocrx_word' id='word_1_104' title='bbox 664 2566 848 2642; x_wconf 70' lang='lat' dir='ltr'><strong>sumpturus</strong></span> <span class='ocrx_word' id='word_1_105' title='bbox 863 2577 937 2619; x_wconf 91' lang='lat' dir='ltr'><strong>cum</strong></span> <span class='ocrx_word' id='word_1_106' title='bbox 953 2556 1029 2619; x_wconf 78' lang='lat' dir='ltr'><strong>coli</strong></span> <span class='ocrx_word' id='word_1_107' title='bbox 1043 2556 1181 2620; x_wconf 89' lang='lat' dir='ltr'><strong>coetibus</strong></span> <span class='ocrx_word' id='word_1_108' title='bbox 1197 2557 1299 2622; x_wconf 83' lang='lat' dir='ltr'><strong>almis.</strong></span> 
     </span>
     <span class='ocr_line' id='line_1_20' title="bbox 515 2658 1369 2745; baseline 0 -20"><span class='ocrx_word' id='word_1_109' title='bbox 515 2659 663 2725; x_wconf 78' lang='lat' dir='ltr'><strong>Candida</strong></span> <span class='ocrx_word' id='word_1_110' title='bbox 678 2670 752 2745; x_wconf 87' lang='lat' dir='ltr'><strong>post</strong></span> <span class='ocrx_word' id='word_1_111' title='bbox 765 2658 909 2744; x_wconf 87' lang='lat' dir='ltr'><strong>sequitur</strong></span> <span class='ocrx_word' id='word_1_112' title='bbox 924 2679 998 2722; x_wconf 91' lang='lat' dir='ltr'><strong>cum</strong></span> <span class='ocrx_word' id='word_1_113' title='bbox 1013 2658 1098 2723; x_wconf 88' lang='lat' dir='ltr'><strong>binis</strong></span> <span class='ocrx_word' id='word_1_114' title='bbox 1113 2671 1251 2743; x_wconf 81' lang='lat' dir='ltr'><strong>martyra</strong></span> <span class='ocrx_word' id='word_1_115' title='bbox 1267 2661 1369 2739; x_wconf 87' lang='lat' dir='ltr'><strong>sertis,</strong></span> 
     </span>
     <span class='ocr_line' id='line_1_21' title="bbox 516 2761 1319 2844; baseline -0.001 -18"><span class='ocrx_word' id='word_1_116' title='bbox 516 2762 688 2844; x_wconf 82' lang='lat' dir='ltr'><strong>Integritus</strong></span> <span class='ocrx_word' id='word_1_117' title='bbox 702 2761 851 2839; x_wconf 87' lang='lat' dir='ltr'><strong>nitidam,</strong></span> <span class='ocrx_word' id='word_1_118' title='bbox 864 2781 926 2824; x_wconf 87' lang='lat' dir='ltr'><strong>neo</strong></span> <span class='ocrx_word' id='word_1_119' title='bbox 941 2782 1008 2825; x_wconf 90' lang='lat' dir='ltr'><strong>nou</strong></span> <span class='ocrx_word' id='word_1_120' title='bbox 1024 2770 1056 2823; x_wconf 92' lang='lat' dir='ltr'><strong>ct</strong></span> <span class='ocrx_word' id='word_1_121' title='bbox 1070 2762 1178 2844; x_wconf 87' lang='lat' dir='ltr'><strong>passio</strong></span> <span class='ocrx_word' id='word_1_122' title='bbox 1193 2763 1319 2827; x_wconf 82' lang='lat' dir='ltr'><strong>mbram</strong></span> 
     </span>
     <span class='ocr_line' id='line_1_22' title="bbox 517 2856 1264 2947; baseline -0.003 -20"><span class='ocrx_word' id='word_1_123' title='bbox 517 2863 710 2930; x_wconf 86' lang='lat' dir='ltr'><strong>Plumabant</strong></span> <span class='ocrx_word' id='word_1_124' title='bbox 722 2856 840 2947; x_wconf 82' lang='lat' dir='ltr'><strong>pariter</strong></span> <span class='ocrx_word' id='word_1_125' title='bbox 854 2872 960 2927; x_wconf 76' lang='lat' dir='ltr'><strong>macta</strong></span> <span class='ocrx_word' id='word_1_126' title='bbox 976 2862 1089 2927; x_wconf 84' lang='lat' dir='ltr'><strong>virtute</strong></span> <span class='ocrx_word' id='word_1_127' title='bbox 1103 2883 1264 2929; x_wconf 82' lang='lat' dir='ltr'><strong>coronam.</strong></span> 
     </span>
    </p>
   </div>
   <div class='ocr_carea' id='block_1_3' title="bbox 0 0 1890 5425">
    <p class='ocr_par' dir='ltr' id='par_1_5' title="bbox 0 0 1890 5425">
     <span class='ocr_line' id='line_1_23' title="bbox 0 0 1890 5425; baseline 0 0"><span class='ocrx_word' id='word_1_128' title='bbox 0 0 1890 5425; x_wconf 95' lang='lat' dir='ltr'><strong> </strong></span> 
     </span>
    </p>
   </div>
  </div>
 </body>
</html>
