3759 5425
619 703 663 748 na
679 701 763 746 ocro
780 703 1032 750 rnrucrmnraus
1049 703 1155 748 rrrns.
1350 687 1413 744 209

448 852 587 935 Spiritus
602 867 635 919 et
649 857 722 920 laeto
737 857 906 921 moderans
920 857 1097 940 precordia
1112 867 1213 938 gestu,

449 955 519 1019 Nec
534 957 620 1038 rigor
634 971 666 1022 et
680 980 794 1023 rancor
806 960 921 1023 mentis
936 961 1114 1042 penetralia
1128 960 1268 1036 turbent,

449 1056 494 1120 Ut
508 1071 646 1143 nequeat
659 1061 781 1124 Christi
796 1083 927 1125 securus
941 1062 1044 1125 vivere
1059 1061 1161 1124 miles.

448 1157 626 1241 Frangatur
639 1163 748 1245 potins
762 1185 841 1226 mox
857 1162 1040 1246 desperatio
1057 1172 1182 1239 moesta,

450 1258 501 1322 Ne
515 1273 586 1326 ruat
600 1262 633 1325 in
648 1285 794 1347 praeceps
808 1265 924 1328 mentis
938 1275 1059 1328 statura
1072 1263 1227 1326 labantis:

449 1359 485 1423 Si
500 1361 592 1425 firmo
608 1375 715 1428 careat
728 1366 829 1428 nostri
843 1365 1029 1428 fundamine
1044 1363 1174 1438 Christi,

449 1461 515 1533 Qui
530 1485 657 1547 semper
670 1466 823 1529 tremulos
837 1475 956 1528 tutatur
971 1464 1071 1545 gratia
1086 1465 1183 1546 gratis

452 1563 496 1627 Et
511 1566 635 1628 nullum
650 1567 771 1650 patitur
782 1568 894 1631 lethali
909 1568 1039 1630 vulnere
1053 1567 1129 1644 labi,

451 1666 503 1728 Ne
519 1665 706 1751 desperatus
720 1668 935 1732 medicantem
951 1668 1103 1751 spreverit
1117 1689 1210 1748 aeger.

452 1769 492 1830 In
509 1770 652 1848 geminas
665 1769 752 1834 istud
768 1791 884 1833 nornen
901 1791 936 1832 se
952 1768 1074 1832 findere
1089 1777 1204 1853 partes.

451 1867 602 1933 Creditur
616 1880 649 1934 et
663 1871 787 1955 duplici
803 1870 994 1934 dirimuntur
1008 1870 1131 1934 tramite
1146 1891 1262 1934 cauere.

454 1972 530 2034 Una
545 1973 693 2036 salutaris
707 1971 842 2035 tendens
857 1971 899 2035 ud
914 1972 1027 2035 limina
1040 1970 1134 2049 lucis,

452 2073 561 2136 Altera
573 2075 715 2138 mortalis
728 2085 898 2159 penetrans
912 2073 953 2137 ad
968 2074 1101 2138 Tartara
1115 2085 1204 2152 tetra,

454 2175 506 2238 De
522 2198 585 2260 qua
599 2199 661 2241 nos
676 2180 796 2242 salvaro
811 2178 903 2241 Deus
918 2178 1068 2258 dignetur
1082 2178 1122 2240 ab
1139 2198 1220 2241 arca.

498 2279 587 2343 Hinc
603 2281 704 2343 aciem
720 2290 846 2343 sextam
860 2290 991 2362 torpens
1005 2277 1150 2342 Aecedia
1165 2277 1264 2356 ducit,

455 2379 531 2444 Otia
545 2402 617 2464 quae
632 2382 718 2445 fovet
731 2393 765 2446 et
779 2402 908 2446 somnos
922 2381 1065 2465 captabit
1078 2381 1207 2456 inertes,

455 2484 645 2567 importuna
659 2487 753 2549 simul
769 2487 937 2549 verborum
954 2485 1067 2547 frivola
1081 2492 1220 2559 sontum,

455 2586 620 2649 Instabilis
636 2587 750 2650 mentis
765 2596 875 2668 gestus
889 2596 922 2650 et
936 2585 1079 2668 corporis
1095 2592 1195 2659 actus,

457 2689 652 2773 Inquietudo
669 2692 763 2755 simul
779 2691 913 2775 stipatur
926 2688 1027 2753 milite
1044 2687 1154 2752 denso.

455 2791 594 2874 Pervigil
608 2793 692 2856 hanc
707 2805 829 2877 pestem
846 2795 951 2858 calcat
965 2789 1147 2855 constantia
1161 2790 1289 2867 mentis,

456 2893 538 2965 Quae
554 2905 641 2957 cetra
655 2895 776 2960 Christi
791 2894 888 2977 gestit
902 2892 1072 2957 defendere
1087 2892 1195 2970 vitam,

457 2996 619 3059 Hostibus
633 2996 777 3080 explosis
792 3017 905 3060 secura
918 3016 1000 3080 paee
1015 2994 1146 3079 potitur.

456 3097 594 3180 Spiritus
607 3096 662 3158 ille
677 3118 777 3177 vagus
793 3096 892 3179 cupit,
907 3107 945 3160 ut
958 3095 1126 3158 mensotis
1141 3104 1273 3178 quaerat,
1356 3078 1359 3085 ’

458 3199 607 3280 Occupet
622 3208 655 3260 et
668 3196 809 3261 studium
819 3197 889 3281 jam
905 3196 1122 3261 somnolentia
1137 3218 1261 3276 sensus,

458 3297 580 3363 Sedula
594 3297 767 3361 sollicitum
781 3298 889 3380 pulset
903 3318 945 3360 ne
960 3296 1057 3361 lectio
1072 3304 1207 3379 pectus:

457 3400 596 3463 Lumina
610 3421 670 3462 nec
686 3400 819 3482 vigilum
834 3401 998 3483 scripturae
1014 3398 1136 3461 tramite
1151 3396 1296 3460 tendant.

501 3500 665 3585 Septimus
679 3502 858 3586 insequitur
872 3499 982 3563 densis
998 3498 1159 3561 exercitus
1175 3497 1282 3573 armis,

459 3602 564 3674 Quam
579 3612 705 3685 pestem
720 3601 819 3685 prisci
834 3597 948 3662 dicunt
962 3594 1147 3659 kenodoxia
1162 3594 1282 3672 Graeci,

456 3706 549 3768 Vana
564 3703 653 3789 quod
668 3704 701 3766 in
719 3703 849 3766 latium
865 3700 1052 3763 transfertur
1066 3698 1167 3779 gloria
1182 3718 1311 3761 nornen.

460 3809 543 3870 Haee
559 3807 792 3890 protoplastum
807 3803 944 3888 pellexit
957 3800 1069 3864 fraude
1084 3801 1244 3877 colonum,

459 3907 575 3969 Dirum
589 3905 800 3989 persuadente
816 3904 922 3967 scelus
938 3902 1057 3966 fautore
1074 3902 1239 3976 malornm,

458 4007 554 4070 Tales
569 4027 612 4070 ex
626 4019 695 4070 atro
710 4006 785 4069 dum
802 4005 888 4088 rupit
902 4014 1031 4088 pectore
1046 4022 1160 4064 voces:

459 4109 498 4171 ln
514 4126 707 4190 quacunque
723 4104 775 4167 die
791 4104 886 4168 sultis
900 4102 1071 4183 decerpere
1087 4100 1236 4178 fructum,

460 4209 545 4273 Mox
560 4207 720 4292 patefacta
735 4207 817 4270 liunt
829 4204 975 4269 vestratis
989 4202 1111 4266 lumina
1126 4201 1248 4277 frontis,

459 4311 530 4373 Nec
545 4331 612 4373 non
625 4307 724 4371 divini
739 4306 831 4370 vobis
846 4304 1037 4368 comitantur
1050 4302 1197 4365 honores

458 4414 486 4477 0
503 4434 600 4498 quam
616 4412 696 4475 falsa
709 4411 791 4473 latro
806 4395 988 4490 spondehat
1002 4401 1114 4467 frivola
1127 4402 1281 4479 mendax,

460 4516 507 4578 Ut
521 4534 680 4578 concessa
693 4511 783 4574 rudis
797 4507 934 4572 fuscaret
948 4526 1079 4569 munera
1093 4505 1176 4583 vitoe,

892 4630 912 4673 r
