3759 5425
452 694 515 752 276
729 710 883 757 arrarum
898 712 943 757 an
957 710 1134 773 acrucrun,
1149 712 1220 759 arc.

456 860 548 942 Apis,
560 860 652 943 lapis,
667 862 746 941 aris,
759 865 860 944 navis,
881 865 984 942 cauis,
998 866 1101 943 lamia,
1115 865 1196 942 sitis,
1210 865 1334 949 chelys,
1348 865 1511 948 chlamys,

456 961 550 1037 culis,
563 962 669 1044 polus,
692 963 818 1043 globus,
832 965 941 1044 homo,
961 967 1025 1044 leo,
1047 987 1135 1044 caro,
1151 966 1258 1041 Maro,
1281 966 1362 1044 oris,
1376 965 1512 1029 scrobis.

458 1060 613 1123 Similiter
627 1062 706 1125 etin
721 1084 738 1124 r
751 1063 875 1127 literam
890 1064 1065 1149 praedictns
1079 1084 1139 1148 pes
1159 1064 1356 1141 terminatur,
1371 1063 1430 1128 sed
1443 1084 1511 1126 non

457 1181 524 1224 una
534 1159 710 1246 eademque
724 1161 942 1229 declinatione
955 1172 1136 1247 generatus,
1147 1174 1184 1227 ut
1193 1174 1294 1247 pater,
1307 1185 1399 1249 puer,
1407 1164 1514 1248 piper,

458 1261 560 1343 niger,
574 1260 659 1340 siler,
682 1282 785 1340 socer,
807 1284 914 1345 gener,
936 1285 1024 1348 aper,
1039 1285 1146 1348 caper,
1170 1274 1270 1337 tener,
1295 1265 1402 1343 miser,
1415 1265 1513 1340 celer,

458 1363 528 1441 iter,
542 1362 665 1440 scaber,
679 1382 779 1442 sacer,
789 1365 895 1443 ruber,
911 1386 1011 1442 amor,
1021 1365 1153 1446 glomer,
1162 1364 1271 1448 jubar,
1282 1386 1385 1443 cruor,
1398 1364 1513 1441 honor,

458 1472 556 1537 sator,
579 1484 677 1541 soror,
690 1464 790 1527 labor.
836 1465 933 1537 Quod
956 1465 984 1529 si
1009 1465 1143 1529 verbnm
1169 1466 1263 1528 suerit
1288 1464 1467 1548 deponens,
1479 1466 1513 1527 la

459 1564 655 1650 producitur,
670 1576 721 1629 ut:

601 1663 711 1717 Labitur
721 1662 844 1717 invalida
857 1662 981 1718 deformis
992 1664 1076 1734 gloria
1087 1664 1209 1719 flamme.

452 1761 557 1844 jecur,
579 1761 668 1838 ebur,
690 1780 775 1842 ager,
797 1761 900 1823 timor.
945 1762 1078 1845 Liquor,
1092 1764 1120 1826 si
1142 1782 1261 1825 nomen
1284 1762 1395 1825 tertice
1417 1760 1513 1823 fuerit

459 1860 696 1939 declinationis,
711 1860 916 1943 pyrrhichius
931 1873 990 1941 est,
1004 1874 1041 1927 ut
1055 1865 1182 1927 Arator:

600 1996 606 2011 .
619 1996 626 2011 .
639 1996 647 2011 .
661 1994 668 2010 .
686 1958 719 2010 de
731 1975 789 2011 rore
802 1957 891 2030 dapes,
903 1958 938 2013 de
950 1967 1027 2014 caute
1039 1958 1164 2030 liquores.

461 2060 495 2113 et
509 2048 607 2113 iufra:

602 2148 753 2215 cereusque
764 2144 848 2215 liquor
859 2144 950 2198 solidis
962 2145 1165 2201 internitente.

460 2246 546 2308 Nam
562 2242 589 2306 si
603 2243 710 2327 liquor
724 2243 856 2305 verbum
876 2242 972 2305 suerit
992 2242 1093 2307 tertiae
1109 2241 1348 2327 conjugationis
1363 2243 1415 2305 rel
1428 2241 1511 2303 tertii

461 2346 592 2424 ordinis,
606 2355 642 2409 ut
655 2344 782 2409 Valerio
798 2345 1015 2409 Grammatico
1030 2366 1144 2409 vocare
1159 2344 1265 2421 libuit,
1281 2344 1453 2420 trochaeum
1475 2353 1513 2404 ut

462 2446 617 2530 Virgilius
630 2446 665 2508 in
681 2444 865 2527 Georgicis:

611 2578 828 2595 ...........
841 2542 914 2594 canis
925 2558 984 2595 cum
994 2541 1128 2595 montibus
1138 2542 1230 2594 humor

603 2629 724 2699 Liquitur
734 2634 762 2681 et
774 2628 893 2700 Zephyro
902 2629 985 2699 putris
996 2645 1026 2680 se
1037 2626 1117 2696 gleba
1127 2625 1242 2681 resolvit

459 2744 544 2798 rosa,
558 2721 642 2798 laba,
657 2739 750 2804 aqua,
772 2738 872 2796 mora,
884 2727 967 2795 rota,
982 2737 1086 2794 coma,
1100 2716 1164 2793 ria,
1177 2727 1263 2798 toga,
1286 2716 1373 2795 gula,
1387 2716 1509 2779 schola.

461 2826 573 2905 Plaga,
595 2822 622 2884 si
649 2820 777 2885 climata
801 2815 977 2881 cardinalia
999 2816 1155 2898 designat,
1169 2815 1375 2900 pyrrhichius
1389 2827 1453 2893 est;
1475 2828 1511 2879 ut

460 2919 650 2988 Ambrosius
664 2917 922 2982 Mediolanensis
938 2916 1091 2980 Pontifex
1105 2916 1296 2981 hexametro
1312 2914 1513 3000 deprompsit

462 3025 576 3089 (1100ssss
586 3069 724 3187 'Dumque
736 3116 842 3172 colorati
852 3116 944 3170 rutilat
954 3116 1034 3189 plage
1045 3115 1143 3170 coerula
1153 3116 1253 3169 mundi.

459 3216 507 3279 Et
521 3209 688 3277 Sedulius:

602 3307 721 3370 Qualuor
733 3304 794 3358 inde
805 3303 899 3376 plagas
911 3303 1031 3373 quadrati
1043 3301 1143 3371 colligit
1153 3302 1233 3355 orbis.

461 3401 496 3468 Si
510 3419 584 3463 vero
609 3397 705 3481 plaga
726 3394 825 3459 ultrix
849 3392 994 3457 vindicta
1013 3392 1118 3468 fuerit,
1133 3389 1174 3455 ad
1199 3390 1396 3455 trochaicam
1420 3410 1514 3473 regu·

460 3505 525 3568 lam
540 3497 705 3580 redigitur,
718 3503 755 3559 ut
768 3491 945 3580 pradictus
958 3503 1045 3556 rates
1059 3492 1237 3572 evangelici
1251 3490 1344 3554 metri
1358 3491 1513 3554 vaticinio

461 3602 570 3667 refert.
602 3694 657 3758 Qui
668 3693 745 3761 tegit,
757 3697 784 3745 el
795 3690 900 3764 plagam
913 3691 1030 3763 trepidat
1040 3689 1139 3744 nudare
1150 3689 1276 3742 medenti.

462 3784 650 3853 Notandum
666 3803 805 3866 quoque,
814 3781 948 3845 nomina
958 3780 1183 3864 monosyllaba
1193 3776 1343 3862 quaedam
1354 3797 1424 3841 esse
1439 3797 1515 3860 quae

461 3891 495 3954 in
510 3883 650 3970 obliquis
665 3883 805 3960 casibus,
818 3879 853 3943 id
868 3888 917 3944 est
929 3880 1071 3963 genitivo
1087 3890 1119 3944 et
1129 3879 1280 3954 ablativo,
1290 3878 1514 3962 pyrrhichium

462 3991 607 4075 gignunt,
621 3995 658 4049 ut
672 4005 752 4048 cmx
768 3982 885 4057 crucis,
900 4003 971 4045 nux
985 3982 1089 4057 uncie,
1111 4002 1191 4063 grex
1206 3981 1321 4062 gregis,
1334 4001 1394 4062 pes
1407 3980 1516 4062 pedis,

461 4093 510 4155 lar
533 4087 620 4164 laris,
634 4085 681 4148 sal
709 4083 797 4160 salis,
818 4101 887 4144 mas
913 4081 1020 4157 maris,
1036 4081 1096 4143 nix
1118 4080 1213 4157 nivis,
1237 4099 1305 4142 nex
1330 4079 1433 4156 necis,
1454 4079 1514 4161 pix

463 4191 556 4278 picis,
570 4208 651 4272 prex
672 4185 788 4268 precis,
803 4203 877 4264 grus
899 4183 997 4265 gruis,
1011 4184 1100 4246 trabs
1121 4182 1231 4261 trabis,
1244 4183 1306 4245 bos
1326 4179 1428 4255 boris,
1443 4177 1515 4243 dux

463 4293 565 4370 ducis,
581 4301 655 4354 trux
670 4287 777 4353 trucis.

507 4393 550 4455 D.
573 4389 741 4474 Expositae
764 4397 839 4451 sunt
860 4385 959 4469 igitur
981 4384 1117 4448 strictim
1141 4384 1388 4467 summatimque
1409 4384 1515 4447 nomi-

465 4515 542 4559 num
568 4491 699 4571 regula,
725 4508 796 4572 quoe
824 4486 920 4570 primi
946 4486 1031 4550 sedis
1052 4485 1177 4566 legibus
1199 4483 1515 4565 suffragantur—M.
