3759 5425
562 707 718 753 arrsrota
733 710 778 752 sn
793 710 939 754 annnam
956 709 1152 756 nrrscoaun.
1347 699 1387 757 97

330 861 634 944 qualitervarietur3
658 862 713 945 qui
725 880 835 925 versus
844 863 1073 941 monoschemi,
1085 864 1142 947 qui
1154 864 1388 947 pentoschemi,

330 962 388 1044 qui
404 960 621 1038 decaschemi,
636 972 723 1024 certa
737 960 858 1044 pedum
879 982 1028 1026 mensura
1048 963 1252 1026 trutinentur:
1277 974 1310 1027 et
1324 985 1387 1047 qua

330 1062 456 1124 ratione
481 1062 671 1139 catalectici,
694 1062 999 1145 brachycatalectici
1023 1085 1080 1127 seu
1102 1065 1386 1147 hypercatalectici

330 1183 454 1238 versus,
463 1163 573 1244 sagaci
582 1164 855 1245 argumentatione
868 1175 1115 1246 cognoscantur.
1153 1165 1247 1244 Haec,
1259 1177 1385 1242 utrem,

331 1276 365 1326 et
389 1265 444 1326 his
469 1265 597 1341 similia,
624 1266 731 1329 brevis
760 1267 913 1349 temporis
940 1265 1182 1349 intercapedine
1211 1278 1387 1330 momenta·

332 1386 461 1448 neoque
476 1367 545 1429 ictu
559 1365 760 1449 apprehendi
774 1387 982 1451 nequaquam
995 1377 1143 1450 possunt.

377 1469 432 1530 De
454 1470 577 1531 ratione
602 1490 674 1532 vero
690 1468 921 1533 ‘calculationis
948 1469 1025 1554 quid
1048 1470 1385 1536 commemorandum?

335 1590 409 1632 cum
426 1580 516 1632 tanta
530 1568 766 1652 supputationis
781 1569 954 1632 imminens
969 1570 1149 1654 desperatio
1170 1573 1255 1636 colla
1269 1575 1386 1638 mentis

335 1671 539 1754 oppresserit,
552 1682 590 1733 ut
608 1691 735 1732 omnem
757 1670 952 1753 praeteritum
966 1670 1115 1735 lectionis
1135 1673 1278 1736 lahorem
1298 1676 1387 1758 parvi

336 1773 521 1856 penderem,
536 1773 630 1857 cujus
644 1794 695 1835 me
711 1771 836 1854 pridem
858 1781 982 1836 secreta
1001 1773 1151 1837 cubicula
1169 1796 1264 1838 nosse
1285 1775 1386 1839 credi·

337 1873 464 1949 deram3
494 1885 527 1936 et
555 1883 591 1936 ut
618 1873 776 1937 sententia
795 1873 883 1936 beati
906 1873 1098 1955 Hieronymi
1124 1881 1204 1952 utar,
1230 1875 1286 1958 qui
1308 1875 1387 1938 mihi

336 1973 425 2057 prius
439 1972 575 2035 videbar
588 1972 720 2049 sciolus,
732 1993 841 2035 mrsus
863 1970 946 2053 caepi
967 1991 1036 2034 esse
1057 1971 1244 2056 discipulus,
1261 1971 1337 2036 dum
1353 1995 1387 2038 se

337 2074 468 2137 occasio
484 2073 611 2150 obtulit,
626 2073 738 2156 sicque
759 2071 890 2135 tandem
908 2093 1046 2155 superna
1068 2073 1167 2154 gratia
1181 2075 1289 2153 fretus,
1304 2074 1387 2138 diffi-

337 2172 458 2236 cillima
482 2195 588 2237 rerum
614 2184 799 2254 argumenta
824 2182 857 2235 et
885 2173 1001 2235 calculi
1027 2175 1280 2257 supputationes,
1307 2196 1387 2258 quas

337 2286 445 2359 partes
459 2276 584 2340 numeri
600 2276 775 2359 appellant,
790 2274 939 2338 lectionis
960 2274 1113 2338 instantia
1132 2277 1244 2358 reperi.
1289 2277 1388 2340 Porro

337 2377 378 2440 de
406 2377 551 2440 Zodiaco
576 2387 609 2439 et
634 2376 804 2439 duodecim
832 2376 1015 2457 Signorum,
1041 2398 1113 2459 quae
1137 2377 1289 2458 vertigine
1312 2379 1386 2441 coeli

336 2480 519 2557 volvuntur,
534 2479 667 2553 ratione,
682 2478 757 2541 ideo
772 2478 943 2542 tacendum
956 2479 1108 2556 arbitror;
1130 2499 1171 2541 ne
1182 2499 1232 2541 res
1245 2500 1346 2561 opaca
1356 2489 1390 2542 et

335 2579 508 2662 protunda,
520 2601 593 2662 quae
603 2579 699 2660 longa
713 2577 988 2662 explanandarum
1001 2598 1102 2639 rerum
1118 2578 1241 2640 ratione
1252 2578 1388 2658 indiget,

337 2681 365 2745 si
382 2682 439 2745 rili
460 2680 731 2763 interpretationis
754 2680 834 2744 serie
857 2679 1025 2764 propalata
1046 2677 1151 2752 luerit,
1167 2678 1336 2742 infametur
1357 2690 1390 2744 et

336 2782 488 2845 vilescat:
511 2782 685 2864 prasertim
704 2802 777 2845 cum
800 2780 1010 2861 Astrologicae
1034 2779 1108 2842 artis
1122 2779 1248 2863 peritia,
1264 2790 1295 2843 et
1316 2801 1387 2863 per-

337 2884 438 2966 plexa
463 2882 633 2966 horoscopi
662 2883 873 2966 computatio,
902 2882 1090 2945 elucubrata
1118 2881 1268 2946 doctioris
1296 2880 1388 2947 inda-

337 2984 470 3067 gatione
484 2995 586 3066 egeat.

385 3086 468 3147 Haee
494 3084 628 3162 idcirco,
651 3086 813 3148 carissime
837 3096 928 3168 pater
954 3084 1071 3148 cursim
1097 3084 1291 3169 pedetentim
1317 3106 1388 3168 per-

336 3187 527 3249 strinximus
541 3206 607 3248 non
630 3188 754 3268 garrulo
775 3186 976 3249 verbositatis
998 3186 1131 3269 strepitu
1152 3186 1264 3265 illecti,
1279 3188 1337 3250 sed
1355 3198 1389 3250 ut

337 3287 434 3363 scias,
450 3296 536 3349 tanta
558 3308 662 3349 rerum
683 3308 800 3350 arcana
822 3288 1019 3350 examussim
1039 3309 1105 3350 non
1128 3308 1223 3370 posse
1243 3287 1389 3369 intelligi,

337 3387 402 3450 nisi
416 3388 567 3470 frequens
581 3398 613 3451 et
627 3388 754 3470 prolixa
767 3386 933 3451 meditatio
948 3390 1043 3452 fixerit
1058 3389 1211 3452 adhibita.

384 3489 526 3552 Salutate
541 3489 575 3550 in
598 3488 726 3552 Christo
743 3511 869 3553 omnem
890 3490 1047 3553 sodalium
1070 3510 1209 3552 meorum
1231 3497 1389 3551 catervam

338 3613 360 3653 a
373 3590 506 3652 minimo
521 3612 623 3673 usque
638 3590 680 3654 ad
701 3592 889 3667 maximum,
904 3609 985 3673 quos
1005 3591 1139 3653 obsecro
1154 3598 1186 3650 et
1206 3586 1316 3670 adjuro
1331 3606 1390 3668 per

339 3693 540 3755 clementiam
558 3692 677 3756 Christi
693 3704 729 3755 ut
743 3714 801 3776 pro
825 3715 875 3755 me
893 3700 1095 3775 peccatorum
1115 3687 1255 3772 pondere
1276 3697 1308 3750 et
1330 3686 1389 3750 cri·

339 3791 461 3855 minum
479 3793 608 3856 sarcina
621 3814 777 3876 oppresso
791 3815 906 3877 preces
922 3792 1064 3855 Domino
1081 3789 1224 3853 fundant.
