<?xml version="1.0" encoding="UTF-8"?>
<!DOCTYPE html PUBLIC "-//W3C//DTD XHTML 1.0 Transitional//EN"
    "http://www.w3.org/TR/xhtml1/DTD/xhtml1-transitional.dtd">
<html xmlns="http://www.w3.org/1999/xhtml" xml:lang="en" lang="en">
 <head>
  <title>
</title>
<meta http-equiv="Content-Type" content="text/html;charset=utf-8" />
  <meta name='ocr-system' content='tesseract 3.04.00' />
  <meta name='ocr-capabilities' content='ocr_page ocr_carea ocr_par ocr_line ocrx_word'/>
</head>
<body>
  <div class='ocr_page' id='page_1' title='image "./operaquextantom00aldhgoog_0330.png"; bbox 0 0 3759 5425; ppageno 0'>
   <div class='ocr_carea' id='block_1_1' title="bbox 461 662 1235 734">
    <p class='ocr_par' dir='ltr' id='par_1_1' title="bbox 461 662 1235 734">
     <span class='ocr_line' id='line_1_1' title="bbox 461 662 1235 734; baseline -0.006 -11"><span class='ocrx_word' id='word_1_1' title='bbox 461 662 525 723; x_wconf 74' lang='lat'><strong>802</strong></span> <span class='ocrx_word' id='word_1_2' title='bbox 740 676 894 723; x_wconf 78' lang='lat' dir='ltr'><strong>urrerem</strong></span> <span class='ocrx_word' id='word_1_3' title='bbox 910 676 954 721; x_wconf 79' lang='lat' dir='ltr'><strong>an</strong></span> <span class='ocrx_word' id='word_1_4' title='bbox 969 674 1148 734; x_wconf 79' lang='lat' dir='ltr'><strong>aomcrnu,</strong></span> <span class='ocrx_word' id='word_1_5' title='bbox 1163 676 1235 721; x_wconf 81' lang='lat' dir='ltr'><strong>rrrc.</strong></span> 
     </span>
    </p>
   </div>
   <div class='ocr_carea' id='block_1_2' title="bbox 455 828 1514 1526">
    <p class='ocr_par' dir='ltr' id='par_1_2' title="bbox 455 828 1514 1526">
     <span class='ocr_line' id='line_1_2' title="bbox 461 828 1511 915; baseline -0.002 -21"><span class='ocrx_word' id='word_1_6' title='bbox 461 830 735 915; x_wconf 78' lang='lat' dir='ltr'><strong>explanandarum</strong></span> <span class='ocrx_word' id='word_1_7' title='bbox 766 850 867 895; x_wconf 90' lang='lat' dir='ltr'><strong>rerum</strong></span> <span class='ocrx_word' id='word_1_8' title='bbox 898 831 1089 895; x_wconf 73' lang='lat' dir='ltr'><strong>necessitate</strong></span> <span class='ocrx_word' id='word_1_9' title='bbox 1118 828 1283 895; x_wconf 84' lang='lat' dir='ltr'><strong>constricti</strong></span> <span class='ocrx_word' id='word_1_10' title='bbox 1312 830 1511 906; x_wconf 76' lang='lat' dir='ltr'>conabimur,</span> 
     </span>
     <span class='ocr_line' id='line_1_3' title="bbox 461 931 1511 1016; baseline -0.001 -20"><span class='ocrx_word' id='word_1_11' title='bbox 461 932 647 997; x_wconf 84' lang='lat' dir='ltr'><strong>choriambo</strong></span> <span class='ocrx_word' id='word_1_12' title='bbox 662 933 720 997; x_wconf 87' lang='lat' dir='ltr'><strong>rite</strong></span> <span class='ocrx_word' id='word_1_13' title='bbox 735 932 1003 1016; x_wconf 89' lang='lat' dir='ltr'><strong>mancipabuntur</strong></span> <span class='ocrx_word' id='word_1_14' title='bbox 1017 953 1076 1016; x_wconf 91' lang='lat' dir='ltr'><strong>per</strong></span> <span class='ocrx_word' id='word_1_15' title='bbox 1090 943 1224 997; x_wconf 77' lang='lat' dir='ltr'><strong>ceteros</strong></span> <span class='ocrx_word' id='word_1_16' title='bbox 1238 951 1333 994; x_wconf 87' lang='lat' dir='ltr'><strong>casus</strong></span> <span class='ocrx_word' id='word_1_17' title='bbox 1346 931 1511 1015; x_wconf 81' lang='lat' dir='ltr'><strong>utriusque</strong></span> 
     </span>
     <span class='ocr_line' id='line_1_4' title="bbox 461 1032 1512 1117; baseline -0.001 -20"><span class='ocrx_word' id='word_1_18' title='bbox 461 1032 594 1109; x_wconf 88' lang='lat' dir='ltr'><strong>numeri,</strong></span> <span class='ocrx_word' id='word_1_19' title='bbox 617 1032 762 1117; x_wconf 87' lang='lat' dir='ltr'><strong>exceptis</strong></span> <span class='ocrx_word' id='word_1_20' title='bbox 788 1032 987 1095; x_wconf 85' lang='lat' dir='ltr'><strong>nominativo</strong></span> <span class='ocrx_word' id='word_1_21' title='bbox 1013 1032 1197 1096; x_wconf 80' lang='lat' dir='ltr'><strong>accusativo</strong></span> <span class='ocrx_word' id='word_1_22' title='bbox 1221 1043 1254 1095; x_wconf 88' lang='lat' dir='ltr'><strong>et</strong></span> <span class='ocrx_word' id='word_1_23' title='bbox 1274 1033 1424 1095; x_wconf 74' lang='lat' dir='ltr'><strong>vocativo</strong></span> <span class='ocrx_word' id='word_1_24' title='bbox 1450 1034 1512 1096; x_wconf 85' lang='lat' dir='ltr'><strong>sin·</strong></span> 
     </span>
     <span class='ocr_line' id='line_1_5' title="bbox 461 1134 1513 1219; baseline -0.001 -19"><span class='ocrx_word' id='word_1_25' title='bbox 461 1136 636 1219; x_wconf 78' lang='lat' dir='ltr'><strong>galeribus,</strong></span> <span class='ocrx_word' id='word_1_26' title='bbox 659 1147 692 1199; x_wconf 91' lang='lat' dir='ltr'><strong>et</strong></span> <span class='ocrx_word' id='word_1_27' title='bbox 714 1136 855 1219; x_wconf 90' lang='lat' dir='ltr'><strong>genitivo</strong></span> <span class='ocrx_word' id='word_1_28' title='bbox 883 1136 1001 1219; x_wconf 83' lang='lat' dir='ltr'><strong>plurali</strong></span> <span class='ocrx_word' id='word_1_29' title='bbox 1026 1137 1054 1198; x_wconf 92' lang='lat' dir='ltr'><strong>si</strong></span> <span class='ocrx_word' id='word_1_30' title='bbox 1076 1135 1256 1198; x_wconf 90' lang='lat' dir='ltr'><strong>masculina</strong></span> <span class='ocrx_word' id='word_1_31' title='bbox 1280 1135 1332 1197; x_wconf 85' lang='lat' dir='ltr'><strong>rel</strong></span> <span class='ocrx_word' id='word_1_32' title='bbox 1357 1134 1513 1199; x_wconf 84' lang='lat' dir='ltr'><strong>feminina</strong></span> 
     </span>
     <span class='ocr_line' id='line_1_6' title="bbox 461 1236 1514 1321; baseline -0.002 -20"><span class='ocrx_word' id='word_1_33' title='bbox 461 1239 576 1302; x_wconf 84' lang='lat' dir='ltr'><strong>suerint</strong></span> <span class='ocrx_word' id='word_1_34' title='bbox 600 1240 726 1317; x_wconf 87' lang='lat' dir='ltr'><strong>(neutra</strong></span> <span class='ocrx_word' id='word_1_35' title='bbox 745 1259 819 1302; x_wconf 85' lang='lat' dir='ltr'><strong>vero</strong></span> <span class='ocrx_word' id='word_1_36' title='bbox 840 1239 873 1301; x_wconf 94' lang='lat' dir='ltr'><strong>in</strong></span> <span class='ocrx_word' id='word_1_37' title='bbox 896 1236 1090 1321; x_wconf 86' lang='lat' dir='ltr'><strong>quibusdam</strong></span> <span class='ocrx_word' id='word_1_38' title='bbox 1113 1237 1243 1301; x_wconf 81' lang='lat' dir='ltr'><strong>casibus</strong></span> <span class='ocrx_word' id='word_1_39' title='bbox 1264 1236 1463 1320; x_wconf 85' lang='lat' dir='ltr'><strong>discrepant)</strong></span> <span class='ocrx_word' id='word_1_40' title='bbox 1478 1250 1514 1300; x_wconf 91' lang='lat' dir='ltr'><strong>nt</strong></span> 
     </span>
     <span class='ocr_line' id='line_1_7' title="bbox 455 1336 1513 1425; baseline -0.004 -20"><span class='ocrx_word' id='word_1_41' title='bbox 455 1338 591 1425; x_wconf 83' lang='lat' dir='ltr'><strong>justitia,</strong></span> <span class='ocrx_word' id='word_1_42' title='bbox 605 1338 728 1416; x_wconf 86' lang='lat' dir='ltr'><strong>laetitia,</strong></span> <span class='ocrx_word' id='word_1_43' title='bbox 743 1338 905 1424; x_wconf 77' lang='lat' dir='ltr'><strong>spurcitia,</strong></span> <span class='ocrx_word' id='word_1_44' title='bbox 919 1337 1079 1416; x_wconf 76' lang='lat' dir='ltr'><strong>maestitia,</strong></span> <span class='ocrx_word' id='word_1_45' title='bbox 1093 1338 1232 1414; x_wconf 80' lang='lat' dir='ltr'><strong>tristitia,</strong></span> <span class='ocrx_word' id='word_1_46' title='bbox 1246 1336 1417 1402; x_wconf 85' lang='lat' dir='ltr'><strong>munditia:</strong></span> <span class='ocrx_word' id='word_1_47' title='bbox 1434 1338 1513 1401; x_wconf 88' lang='lat' dir='ltr'><strong>item</strong></span> 
     </span>
     <span class='ocr_line' id='line_1_8' title="bbox 460 1438 1513 1526; baseline -0.003 -19"><span class='ocrx_word' id='word_1_48' title='bbox 460 1462 649 1526; x_wconf 90' lang='lat' dir='ltr'><strong>purpureus,</strong></span> <span class='ocrx_word' id='word_1_49' title='bbox 664 1441 830 1517; x_wconf 77' lang='lat' dir='ltr'><strong>caeruleus,</strong></span> <span class='ocrx_word' id='word_1_50' title='bbox 845 1438 1035 1521; x_wconf 87' lang='lat' dir='ltr'><strong>discipulus,</strong></span> <span class='ocrx_word' id='word_1_51' title='bbox 1054 1440 1211 1521; x_wconf 89' lang='lat' dir='ltr'><strong>egregius,</strong></span> <span class='ocrx_word' id='word_1_52' title='bbox 1231 1440 1414 1522; x_wconf 87' lang='lat' dir='ltr'><strong>legitimus:</strong></span> <span class='ocrx_word' id='word_1_53' title='bbox 1437 1441 1513 1504; x_wconf 84' lang='lat' dir='ltr'><strong>item</strong></span> 
     </span>
    </p>
   </div>
   <div class='ocr_carea' id='block_1_3' title="bbox 460 1540 1652 1728">
    <p class='ocr_par' dir='ltr' id='par_1_3' title="bbox 460 1540 1652 1728">
     <span class='ocr_line' id='line_1_9' title="bbox 461 1540 1623 1623; baseline -0.004 -13"><span class='ocrx_word' id='word_1_54' title='bbox 461 1545 627 1620; x_wconf 88' lang='lat' dir='ltr'><strong>auxilium,</strong></span> <span class='ocrx_word' id='word_1_55' title='bbox 650 1541 829 1623; x_wconf 82' lang='lat' dir='ltr'><strong>augurium,</strong></span> <span class='ocrx_word' id='word_1_56' title='bbox 851 1540 1032 1618; x_wconf 83' lang='lat' dir='ltr'><strong>dissidium,</strong></span> <span class='ocrx_word' id='word_1_57' title='bbox 1053 1541 1237 1605; x_wconf 92' lang='lat' dir='ltr'><strong>concilium.</strong></span> <span class='ocrx_word' id='word_1_58' title='bbox 1283 1541 1394 1604; x_wconf 87' lang='lat' dir='ltr'><strong>Oritur</strong></span> <span class='ocrx_word' id='word_1_59' title='bbox 1415 1542 1513 1605; x_wconf 84' lang='lat' dir='ltr'><strong>etiarn</strong></span> <span class='ocrx_word' id='word_1_60' title='bbox 1621 1543 1623 1562; x_wconf 59' lang='lat'>¹</span> 
     </span>
     <span class='ocr_line' id='line_1_10' title="bbox 460 1642 1652 1728; baseline -0.004 -17"><span class='ocrx_word' id='word_1_61' title='bbox 460 1644 665 1712; x_wconf 82' lang='lat' dir='ltr'><strong>choriambus</strong></span> <span class='ocrx_word' id='word_1_62' title='bbox 679 1664 699 1706; x_wconf 90' lang='lat' dir='ltr'><strong>a</strong></span> <span class='ocrx_word' id='word_1_63' title='bbox 713 1642 874 1726; x_wconf 71' lang='lat' dir='ltr'><strong>praedictis</strong></span> <span class='ocrx_word' id='word_1_64' title='bbox 894 1642 1080 1705; x_wconf 85' lang='lat' dir='ltr'><strong>nominibus</strong></span> <span class='ocrx_word' id='word_1_65' title='bbox 1100 1662 1174 1726; x_wconf 75' lang='lat' dir='ltr'><strong>qnae</strong></span> <span class='ocrx_word' id='word_1_66' title='bbox 1189 1642 1337 1725; x_wconf 89' lang='lat' dir='ltr'><strong>superius</strong></span> <span class='ocrx_word' id='word_1_67' title='bbox 1351 1642 1515 1707; x_wconf 82' lang='lat' dir='ltr'><strong>edidimus</strong></span> <span class='ocrx_word' id='word_1_68' title='bbox 1626 1725 1627 1728; x_wconf 8' lang='grc' dir='ltr'><strong>Ἴ</strong></span> <span class='ocrx_word' id='word_1_69' title='bbox 1650 1651 1652 1666; x_wconf 86' lang='grc'><strong>“</strong></span> 
     </span>
    </p>
   </div>
   <div class='ocr_carea' id='block_1_4' title="bbox 460 1745 1514 1831">
    <p class='ocr_par' dir='ltr' id='par_1_4' title="bbox 460 1745 1514 1831">
     <span class='ocr_line' id='line_1_11' title="bbox 460 1745 1514 1831; baseline -0.007 -16"><span class='ocrx_word' id='word_1_70' title='bbox 460 1772 536 1815; x_wconf 91' lang='lat' dir='ltr'><strong>cnm</strong></span> <span class='ocrx_word' id='word_1_71' title='bbox 551 1748 592 1813; x_wconf 89' lang='lat' dir='ltr'><strong>de</strong></span> <span class='ocrx_word' id='word_1_72' title='bbox 608 1747 736 1830; x_wconf 90' lang='lat' dir='ltr'><strong>dactylo</strong></span> <span class='ocrx_word' id='word_1_73' title='bbox 750 1746 922 1809; x_wconf 81' lang='lat' dir='ltr'><strong>niteremur</strong></span> <span class='ocrx_word' id='word_1_74' title='bbox 936 1746 1156 1809; x_wconf 85' lang='lat' dir='ltr'><strong>comminisci:</strong></span> <span class='ocrx_word' id='word_1_75' title='bbox 1182 1746 1269 1809; x_wconf 90' lang='lat' dir='ltr'><strong>illins</strong></span> <span class='ocrx_word' id='word_1_76' title='bbox 1283 1745 1449 1809; x_wconf 79' lang='lat' dir='ltr'><strong>duntaxat</strong></span> <span class='ocrx_word' id='word_1_77' title='bbox 1459 1747 1514 1831; x_wconf 89' lang='lat' dir='ltr'><strong>qni</strong></span> 
     </span>
    </p>
   </div>
   <div class='ocr_carea' id='block_1_5' title="bbox 459 1847 1630 1933">
    <p class='ocr_par' dir='ltr' id='par_1_5' title="bbox 459 1847 1630 1933">
     <span class='ocr_line' id='line_1_12' title="bbox 459 1847 1630 1933; baseline -0.007 -15"><span class='ocrx_word' id='word_1_78' title='bbox 459 1874 504 1918; x_wconf 86' lang='lat' dir='ltr'><strong>err</strong></span> <span class='ocrx_word' id='word_1_79' title='bbox 534 1872 608 1933; x_wconf 88' lang='lat' dir='ltr'><strong>gero</strong></span> <span class='ocrx_word' id='word_1_80' title='bbox 637 1850 688 1912; x_wconf 87' lang='lat' dir='ltr'><strong>rel</strong></span> <span class='ocrx_word' id='word_1_81' title='bbox 716 1848 782 1911; x_wconf 90' lang='lat' dir='ltr'><strong>fero</strong></span> <span class='ocrx_word' id='word_1_82' title='bbox 813 1859 1050 1929; x_wconf 90' lang='lat' dir='ltr'><strong>componuntur</strong></span> <span class='ocrx_word' id='word_1_83' title='bbox 1078 1868 1137 1929; x_wconf 90' lang='lat' dir='ltr'><strong>per</strong></span> <span class='ocrx_word' id='word_1_84' title='bbox 1166 1847 1316 1932; x_wconf 90' lang='lat' dir='ltr'><strong>obliquos</strong></span> <span class='ocrx_word' id='word_1_85' title='bbox 1345 1868 1453 1923; x_wconf 88' lang='lat' dir='ltr'><strong>casus,</strong></span> <span class='ocrx_word' id='word_1_86' title='bbox 1480 1862 1516 1911; x_wconf 89' lang='lat' dir='ltr'><strong>nt</strong></span> <span class='ocrx_word' id='word_1_87' title='bbox 1628 1911 1630 1918; x_wconf 46' lang='lat'><strong>,</strong></span> 
     </span>
    </p>
   </div>
   <div class='ocr_carea' id='block_1_6' title="bbox 461 1949 1514 2232">
    <p class='ocr_par' dir='ltr' id='par_1_6' title="bbox 461 1949 1514 2232">
     <span class='ocr_line' id='line_1_13' title="bbox 461 1949 1514 2037; baseline -0.004 -20"><span class='ocrx_word' id='word_1_88' title='bbox 461 1954 560 2037; x_wconf 88' lang='lat' dir='ltr'><strong>paulo</strong></span> <span class='ocrx_word' id='word_1_89' title='bbox 589 1962 662 2015; x_wconf 89' lang='lat' dir='ltr'><strong>ante</strong></span> <span class='ocrx_word' id='word_1_90' title='bbox 691 1950 939 2034; x_wconf 77' lang='lat' dir='ltr'><strong>promulgamus,</strong></span> <span class='ocrx_word' id='word_1_91' title='bbox 964 1960 1001 2012; x_wconf 92' lang='lat' dir='ltr'><strong>ut</strong></span> <span class='ocrx_word' id='word_1_92' title='bbox 1029 1949 1146 2031; x_wconf 79' lang='lat' dir='ltr'><strong>setiger</strong></span> <span class='ocrx_word' id='word_1_93' title='bbox 1174 1950 1312 2031; x_wconf 88' lang='lat' dir='ltr'><strong>setigeri,</strong></span> <span class='ocrx_word' id='word_1_94' title='bbox 1339 1972 1393 2014; x_wconf 88' lang='lat' dir='ltr'><strong>ros</strong></span> <span class='ocrx_word' id='word_1_95' title='bbox 1422 1952 1514 2024; x_wconf 89' lang='lat' dir='ltr'><strong>roris,</strong></span> 
     </span>
     <span class='ocr_line' id='line_1_14' title="bbox 461 2051 1514 2140; baseline -0.003 -21"><span class='ocrx_word' id='word_1_96' title='bbox 461 2053 644 2140; x_wconf 86' lang='lat' dir='ltr'><strong>squamiger</strong></span> <span class='ocrx_word' id='word_1_97' title='bbox 665 2052 874 2136; x_wconf 83' lang='lat' dir='ltr'><strong>squamigeri3</strong></span> <span class='ocrx_word' id='word_1_98' title='bbox 898 2052 944 2115; x_wconf 89' lang='lat' dir='ltr'><strong>sic</strong></span> <span class='ocrx_word' id='word_1_99' title='bbox 966 2051 1099 2134; x_wconf 90' lang='lat' dir='ltr'><strong>laniger,</strong></span> <span class='ocrx_word' id='word_1_100' title='bbox 1120 2052 1278 2133; x_wconf 87' lang='lat' dir='ltr'><strong>corniger,</strong></span> <span class='ocrx_word' id='word_1_101' title='bbox 1297 2052 1422 2130; x_wconf 83' lang='lat' dir='ltr'><strong>lucifer,</strong></span> <span class='ocrx_word' id='word_1_102' title='bbox 1441 2074 1514 2116; x_wconf 87' lang='lat' dir='ltr'><strong>urn-</strong></span> 
     </span>
     <span class='ocr_line' id='line_1_15' title="bbox 461 2154 718 2232; baseline -0.016 -13"><span class='ocrx_word' id='word_1_103' title='bbox 461 2154 567 2232; x_wconf 88' lang='lat' dir='ltr'><strong>brifer,</strong></span> <span class='ocrx_word' id='word_1_104' title='bbox 582 2154 718 2217; x_wconf 85' lang='lat' dir='ltr'><strong>furcifer.</strong></span> 
     </span>
    </p>
   </div>
   <div class='ocr_carea' id='block_1_7' title="bbox 505 2253 1633 2346">
    <p class='ocr_par' dir='ltr' id='par_1_7' title="bbox 505 2253 1633 2346">
     <span class='ocr_line' id='line_1_16' title="bbox 505 2253 1633 2346; baseline 0.003 -26"><span class='ocrx_word' id='word_1_105' title='bbox 505 2258 548 2321; x_wconf 94' lang='lat' dir='ltr'><strong>D.</strong></span> <span class='ocrx_word' id='word_1_106' title='bbox 582 2256 680 2321; x_wconf 90' lang='lat' dir='ltr'><strong>Hunc</strong></span> <span class='ocrx_word' id='word_1_107' title='bbox 707 2255 823 2339; x_wconf 89' lang='lat' dir='ltr'><strong>pedem</strong></span> <span class='ocrx_word' id='word_1_108' title='bbox 850 2256 968 2340; x_wconf 87' lang='lat' dir='ltr'><strong>quibus</strong></span> <span class='ocrx_word' id='word_1_109' title='bbox 998 2253 1191 2318; x_wconf 80' lang='lat' dir='ltr'><strong>divisionum</strong></span> <span class='ocrx_word' id='word_1_110' title='bbox 1217 2255 1388 2339; x_wconf 86' lang='lat' dir='ltr'><strong>speciebus</strong></span> <span class='ocrx_word' id='word_1_111' title='bbox 1416 2257 1517 2339; x_wconf 88' lang='lat' dir='ltr'><strong>parti-</strong></span> <span class='ocrx_word' id='word_1_112' title='bbox 1632 2319 1633 2346; x_wconf 59' lang='lat'><strong>,</strong></span> 
     </span>
    </p>
   </div>
   <div class='ocr_carea' id='block_1_8' title="bbox 459 2356 1516 2951">
    <p class='ocr_par' dir='ltr' id='par_1_8' title="bbox 461 2356 1224 2441">
     <span class='ocr_line' id='line_1_17' title="bbox 461 2356 1224 2441; baseline -0.008 -16"><span class='ocrx_word' id='word_1_113' title='bbox 461 2381 532 2425; x_wconf 91' lang='lat' dir='ltr'><strong>mnr</strong></span> <span class='ocrx_word' id='word_1_114' title='bbox 542 2357 647 2423; x_wconf 80' lang='lat' dir='ltr'><strong>t-M.</strong></span> <span class='ocrx_word' id='word_1_115' title='bbox 670 2357 788 2441; x_wconf 83' lang='lat' dir='ltr'><strong>AEquis</strong></span> <span class='ocrx_word' id='word_1_116' title='bbox 801 2368 980 2441; x_wconf 85' lang='lat' dir='ltr'><strong>temporum</strong></span> <span class='ocrx_word' id='word_1_117' title='bbox 996 2356 1224 2419; x_wconf 84' lang='lat' dir='ltr'><strong>discerniculis.</strong></span> 
     </span>
    </p>

    <p class='ocr_par' dir='ltr' id='par_1_9' title="bbox 459 2459 1516 2951">
     <span class='ocr_line' id='line_1_18' title="bbox 507 2459 1516 2544; baseline -0.004 -17"><span class='ocrx_word' id='word_1_118' title='bbox 507 2464 549 2527; x_wconf 92' lang='lat' dir='ltr'><strong>D.</strong></span> <span class='ocrx_word' id='word_1_119' title='bbox 581 2461 636 2525; x_wconf 92' lang='lat' dir='ltr'><strong>Da</strong></span> <span class='ocrx_word' id='word_1_120' title='bbox 664 2460 829 2544; x_wconf 83' lang='lat' dir='ltr'><strong>exemplar</strong></span> <span class='ocrx_word' id='word_1_121' title='bbox 854 2481 873 2523; x_wconf 91' lang='lat' dir='ltr'><strong>a</strong></span> <span class='ocrx_word' id='word_1_122' title='bbox 897 2460 1065 2522; x_wconf 90' lang='lat' dir='ltr'><strong>verborum</strong></span> <span class='ocrx_word' id='word_1_123' title='bbox 1095 2459 1241 2541; x_wconf 87' lang='lat' dir='ltr'><strong>personis</strong></span> <span class='ocrx_word' id='word_1_124' title='bbox 1266 2459 1516 2543; x_wconf 87' lang='lat' dir='ltr'><strong>diremptum.—</strong></span> 
     </span>
     <span class='ocr_line' id='line_1_19' title="bbox 461 2559 1515 2645; baseline -0.006 -15"><span class='ocrx_word' id='word_1_125' title='bbox 461 2565 510 2630; x_wconf 88' lang='lat' dir='ltr'><strong>M.</strong></span> <span class='ocrx_word' id='word_1_126' title='bbox 533 2562 687 2628; x_wconf 89' lang='lat' dir='ltr'><strong>Secunde</strong></span> <span class='ocrx_word' id='word_1_127' title='bbox 707 2582 845 2644; x_wconf 90' lang='lat' dir='ltr'><strong>persona</strong></span> <span class='ocrx_word' id='word_1_128' title='bbox 867 2561 1037 2641; x_wconf 90' lang='lat' dir='ltr'><strong>singularis</strong></span> <span class='ocrx_word' id='word_1_129' title='bbox 1058 2559 1194 2636; x_wconf 91' lang='lat' dir='ltr'><strong>numeri,</strong></span> <span class='ocrx_word' id='word_1_130' title='bbox 1210 2574 1242 2623; x_wconf 90' lang='lat' dir='ltr'><strong>et</strong></span> <span class='ocrx_word' id='word_1_131' title='bbox 1259 2562 1350 2626; x_wconf 88' lang='lat' dir='ltr'><strong>tertia</strong></span> <span class='ocrx_word' id='word_1_132' title='bbox 1368 2561 1515 2645; x_wconf 81' lang='lat' dir='ltr'><strong>pluralis,</strong></span> 
     </span>
     <span class='ocr_line' id='line_1_20' title="bbox 459 2663 1513 2750; baseline -0.004 -19"><span class='ocrx_word' id='word_1_133' title='bbox 459 2665 603 2750; x_wconf 83' lang='lat' dir='ltr'><strong>legitime</strong></span> <span class='ocrx_word' id='word_1_134' title='bbox 618 2663 769 2740; x_wconf 85' lang='lat' dir='ltr'><strong>declarat,</strong></span> <span class='ocrx_word' id='word_1_135' title='bbox 784 2673 819 2727; x_wconf 92' lang='lat' dir='ltr'><strong>ut</strong></span> <span class='ocrx_word' id='word_1_136' title='bbox 833 2663 1054 2743; x_wconf 87' lang='lat' dir='ltr'><strong>conglomeras</strong></span> <span class='ocrx_word' id='word_1_137' title='bbox 1069 2663 1318 2745; x_wconf 86' lang='lat' dir='ltr'><strong>conglomerant,</strong></span> <span class='ocrx_word' id='word_1_138' title='bbox 1329 2663 1513 2747; x_wconf 81' lang='lat' dir='ltr'><strong>ingeminas</strong></span> 
     </span>
     <span class='ocr_line' id='line_1_21' title="bbox 460 2766 1514 2852; baseline -0.002 -20"><span class='ocrx_word' id='word_1_139' title='bbox 460 2767 669 2852; x_wconf 86' lang='lat' dir='ltr'><strong>ingeminant,</strong></span> <span class='ocrx_word' id='word_1_140' title='bbox 693 2767 869 2850; x_wconf 65' lang='lat' dir='ltr'><strong>praetitulas</strong></span> <span class='ocrx_word' id='word_1_141' title='bbox 897 2766 1102 2849; x_wconf 79' lang='lat' dir='ltr'><strong>praetitulant,</strong></span> <span class='ocrx_word' id='word_1_142' title='bbox 1130 2768 1292 2830; x_wconf 88' lang='lat' dir='ltr'><strong>acceleras</strong></span> <span class='ocrx_word' id='word_1_143' title='bbox 1320 2768 1514 2842; x_wconf 81' lang='lat' dir='ltr'><strong>accelerant,</strong></span> 
     </span>
     <span class='ocr_line' id='line_1_22' title="bbox 461 2867 1511 2951; baseline -0.006 -15"><span class='ocrx_word' id='word_1_144' title='bbox 461 2891 691 2936; x_wconf 88' lang='lat' dir='ltr'><strong>commemoras</strong></span> <span class='ocrx_word' id='word_1_145' title='bbox 707 2879 966 2932; x_wconf 86' lang='lat' dir='ltr'><strong>commemorant.</strong></span> <span class='ocrx_word' id='word_1_146' title='bbox 1012 2867 1066 2931; x_wconf 88' lang='lat' dir='ltr'><strong>Sic</strong></span> <span class='ocrx_word' id='word_1_147' title='bbox 1083 2868 1253 2951; x_wconf 88' lang='lat' dir='ltr'><strong>participia</strong></span> <span class='ocrx_word' id='word_1_148' title='bbox 1269 2869 1419 2932; x_wconf 88' lang='lat' dir='ltr'><strong>instantis</strong></span> <span class='ocrx_word' id='word_1_149' title='bbox 1430 2878 1511 2932; x_wconf 89' lang='lat' dir='ltr'><strong>tem·</strong></span> 
     </span>
    </p>
   </div>
   <div class='ocr_carea' id='block_1_9' title="bbox 459 2968 1452 3133">
    <p class='ocr_par' dir='ltr' id='par_1_10' title="bbox 459 2968 1452 3133">
     <span class='ocr_line' id='line_1_23' title="bbox 459 2968 1452 3055; baseline -0.008 -18"><span class='ocrx_word' id='word_1_150' title='bbox 459 2973 547 3055; x_wconf 89' lang='lat' dir='ltr'><strong>poris</strong></span> <span class='ocrx_word' id='word_1_151' title='bbox 562 2972 816 3051; x_wconf 87' lang='lat' dir='ltr'><strong>conglomerans,</strong></span> <span class='ocrx_word' id='word_1_152' title='bbox 829 2968 1043 3050; x_wconf 86' lang='lat' dir='ltr'><strong>ingeminans,</strong></span> <span class='ocrx_word' id='word_1_153' title='bbox 1056 2969 1266 3053; x_wconf 69' lang='lat' dir='ltr'><strong>praetitulans,</strong></span> <span class='ocrx_word' id='word_1_154' title='bbox 1279 2982 1312 3033; x_wconf 91' lang='lat' dir='ltr'><strong>et</strong></span> <span class='ocrx_word' id='word_1_155' title='bbox 1325 2981 1452 3033; x_wconf 80' lang='lat' dir='ltr'><strong>cratera.</strong></span> 
     </span>
     <span class='ocr_line' id='line_1_24' title="bbox 820 3068 1150 3133; baseline 0.003 -1"><span class='ocrx_word' id='word_1_156' title='bbox 820 3070 874 3132; x_wconf 86' lang='lat' dir='ltr'><strong>De</strong></span> <span class='ocrx_word' id='word_1_157' title='bbox 888 3068 1001 3132; x_wconf 78' lang='lat' dir='ltr'><strong>Ionica</strong></span> <span class='ocrx_word' id='word_1_158' title='bbox 1016 3070 1150 3133; x_wconf 82' lang='lat' dir='ltr'><strong>Minori.</strong></span> 
     </span>
    </p>
   </div>
   <div class='ocr_carea' id='block_1_10' title="bbox 396 3172 1514 3770">
    <p class='ocr_par' dir='ltr' id='par_1_11' title="bbox 396 3172 1514 3770">
     <span class='ocr_line' id='line_1_25' title="bbox 504 3172 1514 3259; baseline 0.004 -23"><span class='ocrx_word' id='word_1_159' title='bbox 504 3173 547 3236; x_wconf 92' lang='lat' dir='ltr'><strong>D.</strong></span> <span class='ocrx_word' id='word_1_160' title='bbox 569 3173 651 3244; x_wconf 76' lang='lat' dir='ltr'><strong>Quae</strong></span> <span class='ocrx_word' id='word_1_161' title='bbox 665 3173 798 3236; x_wconf 89' lang='lat' dir='ltr'><strong>nomina</strong></span> <span class='ocrx_word' id='word_1_162' title='bbox 812 3194 868 3236; x_wconf 91' lang='lat' dir='ltr'><strong>seu</strong></span> <span class='ocrx_word' id='word_1_163' title='bbox 883 3173 980 3236; x_wconf 89' lang='lat' dir='ltr'><strong>verba</strong></span> <span class='ocrx_word' id='word_1_164' title='bbox 1000 3172 1114 3236; x_wconf 84' lang='lat' dir='ltr'><strong>lonico</strong></span> <span class='ocrx_word' id='word_1_165' title='bbox 1129 3173 1245 3238; x_wconf 91' lang='lat' dir='ltr'><strong>minori</strong></span> <span class='ocrx_word' id='word_1_166' title='bbox 1260 3173 1514 3259; x_wconf 77' lang='lat' dir='ltr'><strong>competunt?-</strong></span> 
     </span>
     <span class='ocr_line' id='line_1_26' title="bbox 396 3275 1510 3362; baseline 0.003 -20"><span class='ocrx_word' id='word_1_167' title='bbox 396 3321 402 3332; x_wconf 56' lang='grc' dir='ltr'><em>ι</em></span> <span class='ocrx_word' id='word_1_168' title='bbox 460 3279 508 3342; x_wconf 91' lang='grc' dir='ltr'><strong>Μ.</strong></span> <span class='ocrx_word' id='word_1_169' title='bbox 535 3275 650 3341; x_wconf 86' lang='lat' dir='ltr'><strong>lonico</strong></span> <span class='ocrx_word' id='word_1_170' title='bbox 674 3277 789 3339; x_wconf 89' lang='lat' dir='ltr'><strong>minori</strong></span> <span class='ocrx_word' id='word_1_171' title='bbox 814 3275 1040 3362; x_wconf 88' lang='lat' dir='ltr'><strong>hujuscemodi</strong></span> <span class='ocrx_word' id='word_1_172' title='bbox 1063 3278 1246 3361; x_wconf 84' lang='lat' dir='ltr'><strong>pauxillula</strong></span> <span class='ocrx_word' id='word_1_173' title='bbox 1269 3281 1432 3344; x_wconf 88' lang='lat' dir='ltr'><strong>sufficiant</strong></span> <span class='ocrx_word' id='word_1_174' title='bbox 1453 3302 1510 3344; x_wconf 82' lang='lat' dir='ltr'><strong>ex·</strong></span> 
     </span>
     <span class='ocr_line' id='line_1_27' title="bbox 460 3377 1513 3464; baseline 0.001 -19"><span class='ocrx_word' id='word_1_175' title='bbox 460 3380 576 3464; x_wconf 86' lang='lat' dir='ltr'><strong>ampla,</strong></span> <span class='ocrx_word' id='word_1_176' title='bbox 597 3388 633 3441; x_wconf 92' lang='lat' dir='ltr'><strong>ut</strong></span> <span class='ocrx_word' id='word_1_177' title='bbox 654 3377 824 3462; x_wconf 87' lang='lat' dir='ltr'><strong>rapientes,</strong></span> <span class='ocrx_word' id='word_1_178' title='bbox 846 3379 1030 3462; x_wconf 90' lang='lat' dir='ltr'><strong>populares,</strong></span> <span class='ocrx_word' id='word_1_179' title='bbox 1050 3378 1204 3457; x_wconf 89' lang='lat' dir='ltr'><strong>seniores,</strong></span> <span class='ocrx_word' id='word_1_180' title='bbox 1228 3380 1402 3459; x_wconf 85' lang='lat' dir='ltr'><strong>furibundi,</strong></span> <span class='ocrx_word' id='word_1_181' title='bbox 1426 3383 1513 3446; x_wconf 92' lang='lat' dir='ltr'><strong>rubi-</strong></span> 
     </span>
     <span class='ocr_line' id='line_1_28' title="bbox 460 3477 1512 3556; baseline 0.004 -11"><span class='ocrx_word' id='word_1_182' title='bbox 460 3479 570 3556; x_wconf 87' lang='lat' dir='ltr'><strong>cundi,</strong></span> <span class='ocrx_word' id='word_1_183' title='bbox 585 3477 768 3556; x_wconf 86' lang='lat' dir='ltr'><strong>verecundi,</strong></span> <span class='ocrx_word' id='word_1_184' title='bbox 784 3479 978 3554; x_wconf 90' lang='lat' dir='ltr'><strong>moribundi,</strong></span> <span class='ocrx_word' id='word_1_185' title='bbox 994 3479 1169 3544; x_wconf 90' lang='lat' dir='ltr'><strong>rudibundi</strong></span> <span class='ocrx_word' id='word_1_186' title='bbox 1190 3482 1224 3545; x_wconf 92' lang='lat' dir='ltr'><strong>id</strong></span> <span class='ocrx_word' id='word_1_187' title='bbox 1245 3495 1294 3547; x_wconf 86' lang='lat' dir='ltr'><strong>eet</strong></span> <span class='ocrx_word' id='word_1_188' title='bbox 1313 3484 1465 3549; x_wconf 86' lang='lat' dir='ltr'><strong>rudentes</strong></span> <span class='ocrx_word' id='word_1_189' title='bbox 1479 3497 1512 3548; x_wconf 89' lang='lat' dir='ltr'><strong>et</strong></span> 
     </span>
     <span class='ocr_line' id='line_1_29' title="bbox 458 3581 1512 3670; baseline 0.008 -22"><span class='ocrx_word' id='word_1_190' title='bbox 458 3585 604 3662; x_wconf 87' lang='lat' dir='ltr'><strong>boantes,</strong></span> <span class='ocrx_word' id='word_1_191' title='bbox 626 3604 702 3647; x_wconf 87' lang='lat' dir='ltr'><strong>nam</strong></span> <span class='ocrx_word' id='word_1_192' title='bbox 724 3581 847 3646; x_wconf 88' lang='lat' dir='ltr'><strong>ruditus</strong></span> <span class='ocrx_word' id='word_1_193' title='bbox 870 3585 997 3668; x_wconf 87' lang='lat' dir='ltr'><strong>proprie</strong></span> <span class='ocrx_word' id='word_1_194' title='bbox 1020 3586 1189 3649; x_wconf 85' lang='lat' dir='ltr'><strong>asellorum</strong></span> <span class='ocrx_word' id='word_1_195' title='bbox 1211 3588 1371 3654; x_wconf 85' lang='lat' dir='ltr'><strong>asinorum</strong></span> <span class='ocrx_word' id='word_1_196' title='bbox 1396 3602 1454 3670; x_wconf 90' lang='lat' dir='ltr'><strong>est,</strong></span> <span class='ocrx_word' id='word_1_197' title='bbox 1476 3603 1512 3656; x_wconf 93' lang='lat' dir='ltr'><strong>nt</strong></span> 
     </span>
     <span class='ocr_line' id='line_1_30' title="bbox 459 3697 574 3770; baseline 0 -20"><span class='ocrx_word' id='word_1_198' title='bbox 459 3697 574 3770; x_wconf 91' lang='lat' dir='ltr'><strong>poeta:</strong></span> 
     </span>
    </p>
   </div>
   <div class='ocr_carea' id='block_1_11' title="bbox 458 3791 1511 4284">
    <p class='ocr_par' dir='ltr' id='par_1_12' title="bbox 458 3791 1511 4284">
     <span class='ocr_line' id='line_1_31' title="bbox 601 3791 1226 3866; baseline 0.005 -21"><span class='ocrx_word' id='word_1_199' title='bbox 601 3793 752 3862; x_wconf 82' lang='lat' dir='ltr'><strong>Linguaque</strong></span> <span class='ocrx_word' id='word_1_200' title='bbox 764 3791 866 3845; x_wconf 88' lang='lat' dir='ltr'><strong>rudenti</strong></span> <span class='ocrx_word' id='word_1_201' title='bbox 878 3793 962 3847; x_wconf 87' lang='lat' dir='ltr'><strong>edidit</strong></span> <span class='ocrx_word' id='word_1_202' title='bbox 971 3794 1079 3865; x_wconf 83' lang='lat' dir='ltr'><strong>pecuale</strong></span> <span class='ocrx_word' id='word_1_203' title='bbox 1090 3795 1226 3866; x_wconf 79' lang='lat' dir='ltr'><strong>loquellas.</strong></span> 
     </span>
     <span class='ocr_line' id='line_1_32' title="bbox 460 3889 1510 3981; baseline 0.008 -30"><span class='ocrx_word' id='word_1_204' title='bbox 460 3889 505 3952; x_wconf 86' lang='lat' dir='ltr'><strong>Et</strong></span> <span class='ocrx_word' id='word_1_205' title='bbox 520 3889 597 3972; x_wconf 89' lang='lat' dir='ltr'><strong>quia</strong></span> <span class='ocrx_word' id='word_1_206' title='bbox 611 3899 687 3972; x_wconf 86' lang='lat' dir='ltr'><strong>apta</strong></span> <span class='ocrx_word' id='word_1_207' title='bbox 707 3909 742 3954; x_wconf 90' lang='lat' dir='ltr'><strong>se</strong></span> <span class='ocrx_word' id='word_1_208' title='bbox 764 3891 853 3954; x_wconf 85' lang='lat' dir='ltr'><strong>vocis</strong></span> <span class='ocrx_word' id='word_1_209' title='bbox 868 3890 999 3955; x_wconf 88' lang='lat' dir='ltr'><strong>occasio</strong></span> <span class='ocrx_word' id='word_1_210' title='bbox 1012 3893 1158 3975; x_wconf 75' lang='lat' dir='ltr'><strong>prebuit,</strong></span> <span class='ocrx_word' id='word_1_211' title='bbox 1179 3913 1243 3957; x_wconf 89' lang='lat' dir='ltr'><strong>non</strong></span> <span class='ocrx_word' id='word_1_212' title='bbox 1264 3893 1360 3958; x_wconf 90' lang='lat' dir='ltr'><strong>modo</strong></span> <span class='ocrx_word' id='word_1_213' title='bbox 1380 3904 1510 3981; x_wconf 90' lang='lat' dir='ltr'><strong>propter</strong></span> 
     </span>
     <span class='ocr_line' id='line_1_33' title="bbox 459 3989 1508 4076; baseline 0.005 -19"><span class='ocrx_word' id='word_1_214' title='bbox 459 3999 649 4057; x_wconf 85' lang='lat' dir='ltr'><strong>structuram</strong></span> <span class='ocrx_word' id='word_1_215' title='bbox 665 3989 784 4076; x_wconf 90' lang='lat' dir='ltr'><strong>pedum</strong></span> <span class='ocrx_word' id='word_1_216' title='bbox 805 4003 838 4055; x_wconf 90' lang='lat' dir='ltr'><strong>et</strong></span> <span class='ocrx_word' id='word_1_217' title='bbox 857 3993 1012 4056; x_wconf 89' lang='lat' dir='ltr'><strong>rationem</strong></span> <span class='ocrx_word' id='word_1_218' title='bbox 1028 4005 1208 4074; x_wconf 88' lang='lat' dir='ltr'><strong>metrorum,</strong></span> <span class='ocrx_word' id='word_1_219' title='bbox 1222 4016 1331 4059; x_wconf 79' lang='lat' dir='ltr'><strong>renim</strong></span> <span class='ocrx_word' id='word_1_220' title='bbox 1353 3999 1452 4062; x_wconf 88' lang='lat' dir='ltr'><strong>etiarn</strong></span> <span class='ocrx_word' id='word_1_221' title='bbox 1466 3999 1508 4062; x_wconf 92' lang='lat' dir='ltr'><strong>ob</strong></span> 
     </span>
     <span class='ocr_line' id='line_1_34' title="bbox 460 4093 1511 4177; baseline 0.006 -18"><span class='ocrx_word' id='word_1_222' title='bbox 460 4093 671 4160; x_wconf 84' lang='lat' dir='ltr'><strong>differentiam</strong></span> <span class='ocrx_word' id='word_1_223' title='bbox 685 4114 798 4157; x_wconf 89' lang='lat' dir='ltr'><strong>vocum</strong></span> <span class='ocrx_word' id='word_1_224' title='bbox 811 4105 843 4157; x_wconf 90' lang='lat' dir='ltr'><strong>et</strong></span> <span class='ocrx_word' id='word_1_225' title='bbox 851 4093 1076 4160; x_wconf 84' lang='lat' dir='ltr'><strong>discretionem</strong></span> <span class='ocrx_word' id='word_1_226' title='bbox 1089 4116 1251 4177; x_wconf 85' lang='lat' dir='ltr'><strong>sonorum,</strong></span> <span class='ocrx_word' id='word_1_227' title='bbox 1261 4119 1328 4162; x_wconf 92' lang='lat' dir='ltr'><strong>non</strong></span> <span class='ocrx_word' id='word_1_228' title='bbox 1338 4098 1511 4164; x_wconf 87' lang='lat' dir='ltr'><strong>absurdum</strong></span> 
     </span>
     <span class='ocr_line' id='line_1_35' title="bbox 458 4194 1510 4284; baseline 0.002 -23"><span class='ocrx_word' id='word_1_229' title='bbox 458 4197 591 4261; x_wconf 89' lang='lat' dir='ltr'><strong>arbitror</strong></span> <span class='ocrx_word' id='word_1_230' title='bbox 607 4194 839 4281; x_wconf 89' lang='lat' dir='ltr'><strong>quadripedum</strong></span> <span class='ocrx_word' id='word_1_231' title='bbox 860 4209 892 4258; x_wconf 90' lang='lat' dir='ltr'><strong>ct</strong></span> <span class='ocrx_word' id='word_1_232' title='bbox 908 4196 1072 4259; x_wconf 81' lang='lat' dir='ltr'><strong>volucrum</strong></span> <span class='ocrx_word' id='word_1_233' title='bbox 1092 4207 1125 4260; x_wconf 90' lang='lat' dir='ltr'><strong>et</strong></span> <span class='ocrx_word' id='word_1_234' title='bbox 1145 4198 1305 4284; x_wconf 90' lang='lat' dir='ltr'><strong>reptilium</strong></span> <span class='ocrx_word' id='word_1_235' title='bbox 1321 4219 1416 4263; x_wconf 84' lang='lat' dir='ltr'><strong>voces</strong></span> <span class='ocrx_word' id='word_1_236' title='bbox 1435 4221 1510 4264; x_wconf 90' lang='lat' dir='ltr'><strong>cum</strong></span> 
     </span>
    </p>
   </div>
   <div class='ocr_carea' id='block_1_12' title="bbox 461 4297 1636 4395">
    <p class='ocr_par' dir='ltr' id='par_1_13' title="bbox 461 4297 1636 4395">
     <span class='ocr_line' id='line_1_36' title="bbox 461 4297 1636 4395; baseline 0.005 -35"><span class='ocrx_word' id='word_1_237' title='bbox 461 4299 663 4377; x_wconf 87' lang='lat' dir='ltr'><strong>generalitate</strong></span> <span class='ocrx_word' id='word_1_238' title='bbox 686 4297 875 4383; x_wconf 88' lang='lat' dir='ltr'><strong>pluralitatis</strong></span> <span class='ocrx_word' id='word_1_239' title='bbox 901 4307 934 4359; x_wconf 91' lang='lat' dir='ltr'><strong>et</strong></span> <span class='ocrx_word' id='word_1_240' title='bbox 957 4298 1156 4380; x_wconf 83' lang='lat' dir='ltr'><strong>specialitate</strong></span> <span class='ocrx_word' id='word_1_241' title='bbox 1183 4301 1411 4383; x_wconf 87' lang='lat' dir='ltr'><strong>singularitatis</strong></span> <span class='ocrx_word' id='word_1_242' title='bbox 1436 4303 1512 4366; x_wconf 85' lang='lat' dir='ltr'><strong>sub-</strong></span> <span class='ocrx_word' id='word_1_243' title='bbox 1631 4366 1636 4395; x_wconf 38' lang='lat' dir='ltr'>f</span> 
     </span>
    </p>
   </div>
   <div class='ocr_carea' id='block_1_13' title="bbox 459 4397 1511 4583">
    <p class='ocr_par' dir='ltr' id='par_1_14' title="bbox 459 4397 1511 4583">
     <span class='ocr_line' id='line_1_37' title="bbox 459 4397 1511 4488; baseline 0.008 -28"><span class='ocrx_word' id='word_1_244' title='bbox 459 4397 556 4460; x_wconf 82' lang='lat' dir='ltr'><strong>tiliter</strong></span> <span class='ocrx_word' id='word_1_245' title='bbox 570 4397 734 4475; x_wconf 91' lang='lat' dir='ltr'><strong>dirimere;</strong></span> <span class='ocrx_word' id='word_1_246' title='bbox 758 4397 915 4485; x_wconf 89' lang='lat' dir='ltr'><strong>siquidem</strong></span> <span class='ocrx_word' id='word_1_247' title='bbox 931 4400 1021 4464; x_wconf 85' lang='lat' dir='ltr'><strong>vocis</strong></span> <span class='ocrx_word' id='word_1_248' title='bbox 1043 4402 1231 4485; x_wconf 86' lang='lat' dir='ltr'><strong>qualitatem</strong></span> <span class='ocrx_word' id='word_1_249' title='bbox 1246 4401 1511 4488; x_wconf 89' lang='lat' dir='ltr'><strong>quadripertitam</strong></span> 
     </span>
     <span class='ocr_line' id='line_1_38' title="bbox 460 4499 1510 4583; baseline 0.01 -24"><span class='ocrx_word' id='word_1_250' title='bbox 460 4517 530 4560; x_wconf 82' lang='lat' dir='ltr'><strong>esse</strong></span> <span class='ocrx_word' id='word_1_251' title='bbox 550 4507 614 4562; x_wconf 90' lang='lat' dir='ltr'><strong>tam</strong></span> <span class='ocrx_word' id='word_1_252' title='bbox 633 4499 896 4583; x_wconf 89' lang='lat' dir='ltr'><strong>philosophorum</strong></span> <span class='ocrx_word' id='word_1_253' title='bbox 920 4521 1018 4583; x_wconf 91' lang='lat' dir='ltr'><strong>qnam</strong></span> <span class='ocrx_word' id='word_1_254' title='bbox 1033 4503 1318 4568; x_wconf 88' lang='lat' dir='ltr'><strong>Grammaticorum</strong></span> <span class='ocrx_word' id='word_1_255' title='bbox 1338 4505 1510 4570; x_wconf 83' lang='lat' dir='ltr'><strong>auctoritas</strong></span> 
     </span>
    </p>
   </div>
   <div class='ocr_carea' id='block_1_14' title="bbox 0 0 1884 5425">
    <p class='ocr_par' dir='ltr' id='par_1_15' title="bbox 0 0 1884 5425">
     <span class='ocr_line' id='line_1_39' title="bbox 0 0 1884 5425; baseline 0 0"><span class='ocrx_word' id='word_1_256' title='bbox 0 0 1884 5425; x_wconf 95' lang='lat' dir='ltr'><strong> </strong></span> 
     </span>
    </p>
   </div>
  </div>
 </body>
</html>
