<?xml version="1.0" encoding="UTF-8"?>
<!DOCTYPE html PUBLIC "-//W3C//DTD XHTML 1.0 Transitional//EN"
    "http://www.w3.org/TR/xhtml1/DTD/xhtml1-transitional.dtd">
<html xmlns="http://www.w3.org/1999/xhtml" xml:lang="en" lang="en">
 <head>
  <title>
</title>
<meta http-equiv="Content-Type" content="text/html;charset=utf-8" />
  <meta name='ocr-system' content='tesseract 3.04.00' />
  <meta name='ocr-capabilities' content='ocr_page ocr_carea ocr_par ocr_line ocrx_word'/>
</head>
<body>
  <div class='ocr_page' id='page_1' title='image "./operaquextantom00aldhgoog_0040.png"; bbox 0 0 3759 5425; ppageno 0'>
   <div class='ocr_carea' id='block_1_1' title="bbox 494 627 1187 685">
    <p class='ocr_par' dir='ltr' id='par_1_1' title="bbox 494 627 1187 685">
     <span class='ocr_line' id='line_1_1' title="bbox 494 627 1187 685; baseline -0.009 0"><span class='ocrx_word' id='word_1_1' title='bbox 494 627 533 685; x_wconf 75' lang='lat' dir='ltr'>lt</span> <span class='ocrx_word' id='word_1_2' title='bbox 850 636 876 681; x_wconf 90' lang='lat' dir='ltr'>s.</span> <span class='ocrx_word' id='word_1_3' title='bbox 892 634 1069 681; x_wconf 73' lang='lat' dir='ltr'>sinuntur</span> <span class='ocrx_word' id='word_1_4' title='bbox 1084 634 1187 681; x_wconf 80' lang='lat' dir='ltr'>rursu</span> 
     </span>
    </p>
   </div>
   <div class='ocr_carea' id='block_1_2' title="bbox 491 787 1549 1687">
    <p class='ocr_par' dir='ltr' id='par_1_2' title="bbox 491 787 1549 1687">
     <span class='ocr_line' id='line_1_2' title="bbox 491 787 1549 874; baseline -0.005 -18"><span class='ocrx_word' id='word_1_5' title='bbox 491 812 564 857; x_wconf 91' lang='lat' dir='ltr'>cum</span> <span class='ocrx_word' id='word_1_6' title='bbox 595 789 752 855; x_wconf 89' lang='lat' dir='ltr'>horrendo</span> <span class='ocrx_word' id='word_1_7' title='bbox 779 789 857 854; x_wconf 91' lang='lat' dir='ltr'>belli</span> <span class='ocrx_word' id='word_1_8' title='bbox 886 798 1043 874; x_wconf 88' lang='lat' dir='ltr'>apparatu</span> <span class='ocrx_word' id='word_1_9' title='bbox 1071 790 1306 873; x_wconf 78' lang='lat' dir='ltr'><strong>mancipantur,</strong></span> <span class='ocrx_word' id='word_1_10' title='bbox 1335 787 1445 851; x_wconf 90' lang='lat' dir='ltr'>divino</span> <span class='ocrx_word' id='word_1_11' title='bbox 1474 788 1549 851; x_wconf 89' lang='lat' dir='ltr'>freti</span> 
     </span>
     <span class='ocr_line' id='line_1_3' title="bbox 492 887 1546 974; baseline -0.006 -17"><span class='ocrx_word' id='word_1_12' title='bbox 492 893 642 973; x_wconf 84' lang='lat' dir='ltr'>suffragio</span> <span class='ocrx_word' id='word_1_13' title='bbox 665 891 792 955; x_wconf 90' lang='lat' dir='ltr'>vincere</span> <span class='ocrx_word' id='word_1_14' title='bbox 818 892 1009 967; x_wconf 83' lang='lat' dir='ltr'>laboremus,</span> <span class='ocrx_word' id='word_1_15' title='bbox 1031 891 1088 974; x_wconf 90' lang='lat' dir='ltr'>qui</span> <span class='ocrx_word' id='word_1_16' title='bbox 1114 901 1227 953; x_wconf 90' lang='lat' dir='ltr'>contra</span> <span class='ocrx_word' id='word_1_17' title='bbox 1251 898 1399 973; x_wconf 61' lang='lat' dir='ltr'>tyronum</span> <span class='ocrx_word' id='word_1_18' title='bbox 1423 887 1546 952; x_wconf 88' lang='lat' dir='ltr'>Christi</span> 
     </span>
     <span class='ocr_line' id='line_1_4' title="bbox 492 992 1548 1075; baseline -0.006 -13"><span class='ocrx_word' id='word_1_19' title='bbox 492 1008 635 1062; x_wconf 84' lang='lat' dir='ltr'>catervas</span> <span class='ocrx_word' id='word_1_20' title='bbox 649 1003 682 1059; x_wconf 90' lang='lat' dir='ltr'>et</span> <span class='ocrx_word' id='word_1_21' title='bbox 694 994 867 1058; x_wconf 87' lang='lat' dir='ltr'>bellicosas</span> <span class='ocrx_word' id='word_1_22' title='bbox 881 994 1049 1075; x_wconf 88' lang='lat' dir='ltr'>Virginum</span> <span class='ocrx_word' id='word_1_23' title='bbox 1064 994 1211 1057; x_wconf 85' lang='lat' dir='ltr'>cohortes</span> <span class='ocrx_word' id='word_1_24' title='bbox 1230 993 1418 1056; x_wconf 86' lang='lat' dir='ltr'>truculentis</span> <span class='ocrx_word' id='word_1_25' title='bbox 1435 992 1548 1056; x_wconf 88' lang='lat' dir='ltr'>inimi-</span> 
     </span>
     <span class='ocr_line' id='line_1_5' title="bbox 493 1092 1548 1179; baseline -0.008 -16"><span class='ocrx_word' id='word_1_26' title='bbox 493 1119 603 1163; x_wconf 87' lang='lat' dir='ltr'>eorum</span> <span class='ocrx_word' id='word_1_27' title='bbox 619 1096 813 1159; x_wconf 82' lang='lat' dir='ltr'><strong>exercitibus</strong></span> <span class='ocrx_word' id='word_1_28' title='bbox 828 1117 902 1159; x_wconf 89' lang='lat' dir='ltr'>cunr</span> <span class='ocrx_word' id='word_1_29' title='bbox 919 1096 1087 1159; x_wconf 89' lang='lat' dir='ltr'>innumera</span> <span class='ocrx_word' id='word_1_30' title='bbox 1106 1095 1309 1179; x_wconf 79' lang='lat' dir='ltr'>stropharum</span> <span class='ocrx_word' id='word_1_31' title='bbox 1328 1092 1500 1177; x_wconf 85' lang='lat' dir='ltr'>phalarica</span> <span class='ocrx_word' id='word_1_32' title='bbox 1513 1105 1548 1156; x_wconf 89' lang='lat' dir='ltr'>et</span> 
     </span>
     <span class='ocr_line' id='line_1_6' title="bbox 492 1195 1548 1279; baseline -0.007 -16"><span class='ocrx_word' id='word_1_33' title='bbox 492 1198 601 1262; x_wconf 89' lang='lat' dir='ltr'>densis</span> <span class='ocrx_word' id='word_1_34' title='bbox 613 1195 838 1279; x_wconf 78' lang='lat' dir='ltr'>deceptionum</span> <span class='ocrx_word' id='word_1_35' title='bbox 854 1195 925 1259; x_wconf 86' lang='lat' dir='ltr'>telis</span> <span class='ocrx_word' id='word_1_36' title='bbox 938 1195 1179 1276; x_wconf 77' lang='lat' dir='ltr'>infatigabiliter</span> <span class='ocrx_word' id='word_1_37' title='bbox 1189 1204 1309 1257; x_wconf 82' lang='lat' dir='ltr'>certare</span> <span class='ocrx_word' id='word_1_38' title='bbox 1323 1216 1389 1257; x_wconf 93' lang='lat' dir='ltr'>non</span> <span class='ocrx_word' id='word_1_39' title='bbox 1405 1208 1548 1273; x_wconf 86' lang='lat' dir='ltr'>cessant,</span> 
     </span>
     <span class='ocr_line' id='line_1_7' title="bbox 493 1296 1547 1385; baseline -0.007 -21"><span class='ocrx_word' id='word_1_40' title='bbox 493 1299 638 1385; x_wconf 88' lang='lat' dir='ltr'>quamvis</span> <span class='ocrx_word' id='word_1_41' title='bbox 659 1320 745 1382; x_wconf 89' lang='lat' dir='ltr'>saepe</span> <span class='ocrx_word' id='word_1_42' title='bbox 766 1296 981 1382; x_wconf 79' lang='lat' dir='ltr'>patrocinium</span> <span class='ocrx_word' id='word_1_43' title='bbox 1001 1297 1131 1361; x_wconf 84' lang='lat' dir='ltr'>Christo</span> <span class='ocrx_word' id='word_1_44' title='bbox 1152 1306 1336 1381; x_wconf 73' lang='lat' dir='ltr'>prestante,</span> <span class='ocrx_word' id='word_1_45' title='bbox 1350 1316 1547 1381; x_wconf 90' lang='lat' dir='ltr'>suorumque</span> 
     </span>
     <span class='ocr_line' id='line_1_8' title="bbox 491 1394 1547 1484; baseline -0.007 -20"><span class='ocrx_word' id='word_1_46' title='bbox 491 1402 670 1484; x_wconf 89' lang='lat' dir='ltr'>phalanges</span> <span class='ocrx_word' id='word_1_47' title='bbox 692 1399 828 1461; x_wconf 89' lang='lat' dir='ltr'>militum</span> <span class='ocrx_word' id='word_1_48' title='bbox 849 1418 924 1460; x_wconf 90' lang='lat' dir='ltr'>curn</span> <span class='ocrx_word' id='word_1_49' title='bbox 947 1395 1183 1481; x_wconf 74' lang='lat' dir='ltr'>praedestinata</span> <span class='ocrx_word' id='word_1_50' title='bbox 1204 1396 1313 1479; x_wconf 85' lang='lat' dir='ltr'>palma</span> <span class='ocrx_word' id='word_1_51' title='bbox 1326 1394 1470 1459; x_wconf 75' lang='lat' dir='ltr'>victoria</span> <span class='ocrx_word' id='word_1_52' title='bbox 1491 1416 1547 1458; x_wconf 91' lang='lat' dir='ltr'>co·</span> 
     </span>
     <span class='ocr_line' id='line_1_9' title="bbox 491 1498 1548 1585; baseline -0.008 -17"><span class='ocrx_word' id='word_1_53' title='bbox 491 1506 650 1579; x_wconf 87' lang='lat' dir='ltr'>hortante,</span> <span class='ocrx_word' id='word_1_54' title='bbox 670 1502 803 1585; x_wconf 88' lang='lat' dir='ltr'>turpiter</span> <span class='ocrx_word' id='word_1_55' title='bbox 820 1512 911 1582; x_wconf 90' lang='lat' dir='ltr'>terga</span> <span class='ocrx_word' id='word_1_56' title='bbox 931 1501 1059 1583; x_wconf 86' lang='lat' dir='ltr'>fugacia</span> <span class='ocrx_word' id='word_1_57' title='bbox 1077 1510 1209 1563; x_wconf 81' lang='lat' dir='ltr'>vertant.</span> <span class='ocrx_word' id='word_1_58' title='bbox 1255 1498 1320 1562; x_wconf 89' lang='lat' dir='ltr'>Sed</span> <span class='ocrx_word' id='word_1_59' title='bbox 1342 1500 1425 1580; x_wconf 90' lang='lat' dir='ltr'>proh</span> <span class='ocrx_word' id='word_1_60' title='bbox 1444 1498 1548 1573; x_wconf 90' lang='lat' dir='ltr'>dolor,</span> 
     </span>
     <span class='ocr_line' id='line_1_10' title="bbox 493 1598 1547 1687; baseline -0.009 -19"><span class='ocrx_word' id='word_1_61' title='bbox 493 1626 560 1668; x_wconf 93' lang='lat' dir='ltr'>non</span> <span class='ocrx_word' id='word_1_62' title='bbox 575 1614 623 1668; x_wconf 90' lang='lat' dir='ltr'>est</span> <span class='ocrx_word' id='word_1_63' title='bbox 637 1613 705 1667; x_wconf 87' lang='lat' dir='ltr'>tuta</span> <span class='ocrx_word' id='word_1_64' title='bbox 718 1602 860 1685; x_wconf 75' lang='lat' dir='ltr'>indepta</span> <span class='ocrx_word' id='word_1_65' title='bbox 875 1604 966 1687; x_wconf 87' lang='lat' dir='ltr'>pacis</span> <span class='ocrx_word' id='word_1_66' title='bbox 980 1602 1183 1686; x_wconf 84' lang='lat' dir='ltr'>prosperitas,</span> <span class='ocrx_word' id='word_1_67' title='bbox 1196 1622 1301 1684; x_wconf 92' lang='lat' dir='ltr'>neque</span> <span class='ocrx_word' id='word_1_68' title='bbox 1316 1598 1547 1684; x_wconf 90' lang='lat' dir='ltr'>acquisitorum</span> 
     </span>
    </p>
   </div>
   <div class='ocr_carea' id='block_1_3' title="bbox 493 1701 1639 1786">
    <p class='ocr_par' dir='ltr' id='par_1_3' title="bbox 493 1701 1639 1786">
     <span class='ocr_line' id='line_1_11' title="bbox 493 1701 1639 1786; baseline -0.006 -15"><span class='ocrx_word' id='word_1_69' title='bbox 493 1726 606 1771; x_wconf 88' lang='lat' dir='ltr'>secura</span> <span class='ocrx_word' id='word_1_70' title='bbox 620 1703 852 1786; x_wconf 88' lang='lat' dir='ltr'>triumphorum</span> <span class='ocrx_word' id='word_1_71' title='bbox 872 1703 1034 1780; x_wconf 85' lang='lat' dir='ltr'>foelicitas,</span> <span class='ocrx_word' id='word_1_72' title='bbox 1049 1713 1104 1767; x_wconf 87' lang='lat' dir='ltr'>aut</span> <span class='ocrx_word' id='word_1_73' title='bbox 1117 1703 1297 1766; x_wconf 86' lang='lat' dir='ltr'>inflexibile</span> <span class='ocrx_word' id='word_1_74' title='bbox 1312 1713 1345 1766; x_wconf 87' lang='lat' dir='ltr'>et</span> <span class='ocrx_word' id='word_1_75' title='bbox 1359 1701 1546 1765; x_wconf 90' lang='lat' dir='ltr'>diuturnum</span> <span class='ocrx_word' id='word_1_76' title='bbox 1638 1709 1639 1712; x_wconf 75' lang='grc'>’</span> 
     </span>
    </p>
   </div>
   <div class='ocr_carea' id='block_1_4' title="bbox 493 1804 1549 3000">
    <p class='ocr_par' dir='ltr' id='par_1_4' title="bbox 493 1804 1549 3000">
     <span class='ocr_line' id='line_1_12' title="bbox 493 1804 1548 1889; baseline -0.003 -19"><span class='ocrx_word' id='word_1_77' title='bbox 493 1807 631 1871; x_wconf 87' lang='lat' dir='ltr'>fallentis</span> <span class='ocrx_word' id='word_1_78' title='bbox 652 1807 784 1869; x_wconf 82' lang='lat' dir='ltr'>fortunar</span> <span class='ocrx_word' id='word_1_79' title='bbox 804 1805 993 1887; x_wconf 73' lang='lat' dir='ltr'>trophaeum.</span> <span class='ocrx_word' id='word_1_80' title='bbox 1037 1805 1122 1867; x_wconf 90' lang='lat' dir='ltr'>Nam</span> <span class='ocrx_word' id='word_1_81' title='bbox 1144 1804 1253 1868; x_wconf 85' lang='lat' dir='ltr'>hostes</span> <span class='ocrx_word' id='word_1_82' title='bbox 1272 1806 1330 1889; x_wconf 89' lang='lat' dir='ltr'>qui</span> <span class='ocrx_word' id='word_1_83' title='bbox 1350 1806 1548 1888; x_wconf 88' lang='lat' dir='ltr'>putabantur</span> 
     </span>
     <span class='ocr_line' id='line_1_13' title="bbox 493 1905 1548 1992; baseline -0.007 -19"><span class='ocrx_word' id='word_1_84' title='bbox 493 1907 650 1992; x_wconf 88' lang='lat' dir='ltr'>usquead</span> <span class='ocrx_word' id='word_1_85' title='bbox 665 1906 912 1971; x_wconf 87' lang='lat' dir='ltr'>internecionem</span> <span class='ocrx_word' id='word_1_86' title='bbox 926 1928 1076 1991; x_wconf 88' lang='lat' dir='ltr'>suprema</span> <span class='ocrx_word' id='word_1_87' title='bbox 1087 1916 1201 1988; x_wconf 90' lang='lat' dir='ltr'>strage,</span> <span class='ocrx_word' id='word_1_88' title='bbox 1211 1907 1342 1970; x_wconf 83' lang='lat' dir='ltr'>truciter</span> <span class='ocrx_word' id='word_1_89' title='bbox 1352 1905 1548 1982; x_wconf 89' lang='lat' dir='ltr'>obtruncati,</span> 
     </span>
     <span class='ocr_line' id='line_1_14' title="bbox 494 2004 1548 2093; baseline -0.005 -20"><span class='ocrx_word' id='word_1_90' title='bbox 494 2020 527 2073; x_wconf 90' lang='lat' dir='ltr'>et</span> <span class='ocrx_word' id='word_1_91' title='bbox 545 2009 664 2093; x_wconf 90' lang='lat' dir='ltr'>optatis</span> <span class='ocrx_word' id='word_1_92' title='bbox 682 2017 851 2071; x_wconf 84' lang='lat' dir='ltr'>eventuum</span> <span class='ocrx_word' id='word_1_93' title='bbox 873 2008 1078 2070; x_wconf 80' lang='lat' dir='ltr'>successibus</span> <span class='ocrx_word' id='word_1_94' title='bbox 1100 2007 1249 2070; x_wconf 78' lang='lat' dir='ltr'>soeliciter</span> <span class='ocrx_word' id='word_1_95' title='bbox 1271 2006 1422 2090; x_wconf 91' lang='lat' dir='ltr'>superati,</span> <span class='ocrx_word' id='word_1_96' title='bbox 1438 2004 1548 2069; x_wconf 87' lang='lat' dir='ltr'>denuo</span> 
     </span>
     <span class='ocr_line' id='line_1_15' title="bbox 494 2106 1549 2191; baseline -0.006 -16"><span class='ocrx_word' id='word_1_97' title='bbox 494 2130 585 2175; x_wconf 87' lang='lat' dir='ltr'>versa</span> <span class='ocrx_word' id='word_1_98' title='bbox 609 2108 690 2186; x_wconf 89' lang='lat' dir='ltr'>vice,</span> <span class='ocrx_word' id='word_1_99' title='bbox 712 2108 848 2171; x_wconf 91' lang='lat' dir='ltr'>victores</span> <span class='ocrx_word' id='word_1_100' title='bbox 877 2106 918 2171; x_wconf 90' lang='lat' dir='ltr'>ad</span> <span class='ocrx_word' id='word_1_101' title='bbox 947 2107 1165 2189; x_wconf 91' lang='lat' dir='ltr'>importunum</span> <span class='ocrx_word' id='word_1_102' title='bbox 1191 2109 1337 2191; x_wconf 83' lang='lat' dir='ltr'>praelium</span> <span class='ocrx_word' id='word_1_103' title='bbox 1360 2119 1549 2191; x_wconf 83' lang='lat' dir='ltr'>provocant,</span> 
     </span>
     <span class='ocr_line' id='line_1_16' title="bbox 495 2207 1549 2292; baseline -0.004 -17"><span class='ocrx_word' id='word_1_104' title='bbox 495 2230 582 2275; x_wconf 85' lang='lat' dir='ltr'>arura</span> <span class='ocrx_word' id='word_1_105' title='bbox 610 2220 744 2272; x_wconf 87' lang='lat' dir='ltr'>cruenta</span> <span class='ocrx_word' id='word_1_106' title='bbox 773 2218 959 2292; x_wconf 85' lang='lat' dir='ltr'>capessunt,</span> <span class='ocrx_word' id='word_1_107' title='bbox 985 2208 1106 2271; x_wconf 89' lang='lat' dir='ltr'>bellum</span> <span class='ocrx_word' id='word_1_108' title='bbox 1136 2207 1328 2272; x_wconf 91' lang='lat' dir='ltr'>horrendum</span> <span class='ocrx_word' id='word_1_109' title='bbox 1356 2209 1549 2285; x_wconf 83' lang='lat' dir='ltr'>instaurant,</span> 
     </span>
     <span class='ocr_line' id='line_1_17' title="bbox 493 2309 1548 2392; baseline -0.002 -18"><span class='ocrx_word' id='word_1_110' title='bbox 493 2310 638 2374; x_wconf 86' lang='lat' dir='ltr'>rediviva</span> <span class='ocrx_word' id='word_1_111' title='bbox 666 2309 842 2373; x_wconf 88' lang='lat' dir='ltr'>certamina</span> <span class='ocrx_word' id='word_1_112' title='bbox 869 2310 936 2371; x_wconf 90' lang='lat' dir='ltr'>voti</span> <span class='ocrx_word' id='word_1_113' title='bbox 966 2310 1172 2392; x_wconf 91' lang='lat' dir='ltr'>compotibus</span> <span class='ocrx_word' id='word_1_114' title='bbox 1200 2310 1370 2373; x_wconf 84' lang='lat' dir='ltr'>instruunt</span> <span class='ocrx_word' id='word_1_115' title='bbox 1426 2310 1548 2382; x_wconf 88' lang='lat' dir='ltr'>Quam-</span> 
     </span>
     <span class='ocr_line' id='line_1_18' title="bbox 495 2410 1548 2493; baseline -0.004 -17"><span class='ocrx_word' id='word_1_116' title='bbox 495 2413 607 2476; x_wconf 88' lang='lat' dir='ltr'>obrem</span> <span class='ocrx_word' id='word_1_117' title='bbox 632 2410 736 2493; x_wconf 89' lang='lat' dir='ltr'>primo</span> <span class='ocrx_word' id='word_1_118' title='bbox 763 2410 966 2491; x_wconf 90' lang='lat' dir='ltr'>importunus</span> <span class='ocrx_word' id='word_1_119' title='bbox 986 2410 1212 2493; x_wconf 75' lang='lat' dir='ltr'>gastrimargia</span> <span class='ocrx_word' id='word_1_120' title='bbox 1234 2410 1343 2489; x_wconf 91' lang='lat' dir='ltr'>draco,</span> <span class='ocrx_word' id='word_1_121' title='bbox 1366 2410 1422 2493; x_wconf 94' lang='lat' dir='ltr'>qui</span> <span class='ocrx_word' id='word_1_122' title='bbox 1448 2410 1548 2493; x_wconf 89' lang='lat' dir='ltr'>pesti·</span> 
     </span>
     <span class='ocr_line' id='line_1_19' title="bbox 494 2510 1549 2594; baseline -0.003 -18"><span class='ocrx_word' id='word_1_123' title='bbox 494 2514 600 2576; x_wconf 81' lang='lat' dir='ltr'>ferum</span> <span class='ocrx_word' id='word_1_124' title='bbox 624 2510 897 2594; x_wconf 70' lang='lat' dir='ltr'>prevaricationis</span> <span class='ocrx_word' id='word_1_125' title='bbox 926 2510 1012 2573; x_wconf 91' lang='lat' dir='ltr'>virus</span> <span class='ocrx_word' id='word_1_126' title='bbox 1047 2510 1181 2575; x_wconf 91' lang='lat' dir='ltr'>rudibus</span> <span class='ocrx_word' id='word_1_127' title='bbox 1216 2512 1393 2575; x_wconf 70' lang='lat' dir='ltr'>florulentae</span> <span class='ocrx_word' id='word_1_128' title='bbox 1425 2510 1549 2573; x_wconf 89' lang='lat' dir='ltr'>telluris</span> 
     </span>
     <span class='ocr_line' id='line_1_20' title="bbox 496 2611 1549 2693; baseline -0.005 -15"><span class='ocrx_word' id='word_1_129' title='bbox 496 2613 619 2679; x_wconf 91' lang='lat' dir='ltr'>colonis</span> <span class='ocrx_word' id='word_1_130' title='bbox 645 2612 685 2676; x_wconf 91' lang='lat' dir='ltr'>de</span> <span class='ocrx_word' id='word_1_131' title='bbox 709 2633 874 2675; x_wconf 90' lang='lat' dir='ltr'>venenosa</span> <span class='ocrx_word' id='word_1_132' title='bbox 901 2612 994 2675; x_wconf 85' lang='lat' dir='ltr'>fauce</span> <span class='ocrx_word' id='word_1_133' title='bbox 1020 2614 1156 2676; x_wconf 88' lang='lat' dir='ltr'>letaliter</span> <span class='ocrx_word' id='word_1_134' title='bbox 1180 2613 1331 2689; x_wconf 86' lang='lat' dir='ltr'>evomuit,</span> <span class='ocrx_word' id='word_1_135' title='bbox 1355 2611 1549 2693; x_wconf 82' lang='lat' dir='ltr'>frugalitatis</span> 
     </span>
     <span class='ocr_line' id='line_1_21' title="bbox 496 2713 1548 2798; baseline -0.004 -18"><span class='ocrx_word' id='word_1_136' title='bbox 496 2716 692 2781; x_wconf 88' lang='lat' dir='ltr'>abstinentia</span> <span class='ocrx_word' id='word_1_137' title='bbox 721 2714 926 2798; x_wconf 87' lang='lat' dir='ltr'>explodatur,</span> <span class='ocrx_word' id='word_1_138' title='bbox 955 2713 997 2776; x_wconf 87' lang='lat' dir='ltr'>ad</span> <span class='ocrx_word' id='word_1_139' title='bbox 1026 2728 1207 2778; x_wconf 89' lang='lat' dir='ltr'>extremum</span> <span class='ocrx_word' id='word_1_140' title='bbox 1236 2735 1312 2779; x_wconf 89' lang='lat' dir='ltr'>vero</span> <span class='ocrx_word' id='word_1_141' title='bbox 1348 2716 1548 2778; x_wconf 88' lang='lat' dir='ltr'>trucrrlentus</span> 
     </span>
     <span class='ocr_line' id='line_1_22' title="bbox 496 2817 1546 2902; baseline -0.003 -21"><span class='ocrx_word' id='word_1_142' title='bbox 496 2817 654 2902; x_wconf 85' lang='lat' dir='ltr'>superbiae</span> <span class='ocrx_word' id='word_1_143' title='bbox 673 2817 791 2893; x_wconf 86' lang='lat' dir='ltr'>natrix,</span> <span class='ocrx_word' id='word_1_144' title='bbox 813 2817 868 2898; x_wconf 91' lang='lat' dir='ltr'>qui</span> <span class='ocrx_word' id='word_1_145' title='bbox 890 2817 1019 2880; x_wconf 88' lang='lat' dir='ltr'>beatam</span> <span class='ocrx_word' id='word_1_146' title='bbox 1039 2817 1114 2880; x_wconf 91' lang='lat' dir='ltr'>coeli</span> <span class='ocrx_word' id='word_1_147' title='bbox 1135 2817 1286 2880; x_wconf 90' lang='lat' dir='ltr'>familiam</span> <span class='ocrx_word' id='word_1_148' title='bbox 1307 2828 1340 2880; x_wconf 92' lang='lat' dir='ltr'>et</span> <span class='ocrx_word' id='word_1_149' title='bbox 1358 2817 1451 2879; x_wconf 84' lang='lat' dir='ltr'>almae</span> <span class='ocrx_word' id='word_1_150' title='bbox 1471 2817 1546 2880; x_wconf 88' lang='lat' dir='ltr'>ciri-</span> 
     </span>
     <span class='ocr_line' id='line_1_23' title="bbox 496 2917 1548 3000; baseline -0.002 -20"><span class='ocrx_word' id='word_1_151' title='bbox 496 2918 568 2980; x_wconf 89' lang='lat' dir='ltr'>tatis</span> <span class='ocrx_word' id='word_1_152' title='bbox 583 2917 764 3000; x_wconf 91' lang='lat' dir='ltr'>municipes</span> <span class='ocrx_word' id='word_1_153' title='bbox 777 2917 954 2998; x_wconf 82' lang='lat' dir='ltr'>lugubriter</span> <span class='ocrx_word' id='word_1_154' title='bbox 968 2917 1180 2996; x_wconf 85' lang='lat' dir='ltr'>conturbavit,</span> <span class='ocrx_word' id='word_1_155' title='bbox 1193 2918 1233 2981; x_wconf 90' lang='lat' dir='ltr'>de</span> <span class='ocrx_word' id='word_1_156' title='bbox 1248 2919 1416 2982; x_wconf 88' lang='lat' dir='ltr'>latebrosis</span> <span class='ocrx_word' id='word_1_157' title='bbox 1431 2917 1548 2980; x_wconf 75' lang='lat' dir='ltr'>anima</span> 
     </span>
    </p>
   </div>
   <div class='ocr_carea' id='block_1_5' title="bbox 495 3016 1639 3102">
    <p class='ocr_par' dir='ltr' id='par_1_5' title="bbox 495 3016 1639 3102">
     <span class='ocr_line' id='line_1_24' title="bbox 495 3016 1639 3102; baseline 0.001 -22"><span class='ocrx_word' id='word_1_158' title='bbox 495 3028 614 3081; x_wconf 82' lang='lat' dir='ltr'>nostrae</span> <span class='ocrx_word' id='word_1_159' title='bbox 639 3016 818 3080; x_wconf 87' lang='lat' dir='ltr'>recessibus</span> <span class='ocrx_word' id='word_1_160' title='bbox 840 3027 874 3081; x_wconf 89' lang='lat' dir='ltr'>et</span> <span class='ocrx_word' id='word_1_161' title='bbox 896 3017 1108 3082; x_wconf 89' lang='lat' dir='ltr'>clandestinis</span> <span class='ocrx_word' id='word_1_162' title='bbox 1132 3019 1381 3102; x_wconf 69' lang='lat' dir='ltr'>praecordiorum</span> <span class='ocrx_word' id='word_1_163' title='bbox 1402 3018 1548 3082; x_wconf 89' lang='lat' dir='ltr'>latibulis</span> <span class='ocrx_word' id='word_1_164' title='bbox 1638 3022 1639 3037; x_wconf 61' lang='lat'><em>*</em></span> 
     </span>
    </p>
   </div>
   <div class='ocr_carea' id='block_1_6' title="bbox 447 3114 1550 4215">
    <p class='ocr_par' dir='ltr' id='par_1_6' title="bbox 447 3114 1550 4215">
     <span class='ocr_line' id='line_1_25' title="bbox 496 3114 1548 3198; baseline 0.004 -19"><span class='ocrx_word' id='word_1_165' title='bbox 496 3114 690 3190; x_wconf 89' lang='lat' dir='ltr'>eliminatus,</span> <span class='ocrx_word' id='word_1_166' title='bbox 713 3116 827 3198; x_wconf 90' lang='lat' dir='ltr'>procul</span> <span class='ocrx_word' id='word_1_167' title='bbox 859 3114 969 3179; x_wconf 92' lang='lat' dir='ltr'>divino</span> <span class='ocrx_word' id='word_1_168' title='bbox 997 3125 1113 3180; x_wconf 91' lang='lat' dir='ltr'>terrore</span> <span class='ocrx_word' id='word_1_169' title='bbox 1143 3118 1287 3182; x_wconf 88' lang='lat' dir='ltr'>traditur.</span> <span class='ocrx_word' id='word_1_170' title='bbox 1330 3119 1548 3192; x_wconf 88' lang='lat' dir='ltr'>Quemadmo-</span> 
     </span>
     <span class='ocr_line' id='line_1_26' title="bbox 496 3215 1548 3305; baseline 0.005 -26"><span class='ocrx_word' id='word_1_171' title='bbox 496 3215 575 3279; x_wconf 91' lang='lat' dir='ltr'>dum</span> <span class='ocrx_word' id='word_1_172' title='bbox 598 3215 786 3278; x_wconf 87' lang='lat' dir='ltr'>Ebraeorum</span> <span class='ocrx_word' id='word_1_173' title='bbox 815 3215 959 3298; x_wconf 89' lang='lat' dir='ltr'>phalanx</span> <span class='ocrx_word' id='word_1_174' title='bbox 983 3216 1161 3281; x_wconf 87' lang='lat' dir='ltr'>duodecies</span> <span class='ocrx_word' id='word_1_175' title='bbox 1186 3220 1421 3305; x_wconf 87' lang='lat' dir='ltr'>quinquagenis</span> <span class='ocrx_word' id='word_1_176' title='bbox 1446 3242 1548 3305; x_wconf 86' lang='lat' dir='ltr'>expe·</span> 
     </span>
     <span class='ocr_line' id='line_1_27' title="bbox 497 3315 1547 3404; baseline 0.005 -24"><span class='ocrx_word' id='word_1_177' title='bbox 497 3315 656 3380; x_wconf 88' lang='lat' dir='ltr'>ditionum</span> <span class='ocrx_word' id='word_1_178' title='bbox 686 3316 828 3394; x_wconf 66' lang='lat' dir='ltr'>milibus</span> <span class='ocrx_word' id='word_1_179' title='bbox 856 3325 889 3380; x_wconf 89' lang='lat' dir='ltr'>et</span> <span class='ocrx_word' id='word_1_180' title='bbox 917 3317 1066 3399; x_wconf 91' lang='lat' dir='ltr'>peditum</span> <span class='ocrx_word' id='word_1_181' title='bbox 1096 3320 1206 3383; x_wconf 88' lang='lat' dir='ltr'>turmis</span> <span class='ocrx_word' id='word_1_182' title='bbox 1242 3321 1423 3404; x_wconf 90' lang='lat' dir='ltr'>procedens</span> <span class='ocrx_word' id='word_1_183' title='bbox 1451 3323 1547 3386; x_wconf 85' lang='lat' dir='ltr'>avido</span> 
     </span>
     <span class='ocr_line' id='line_1_28' title="bbox 496 3417 1550 3503; baseline 0.005 -21"><span class='ocrx_word' id='word_1_184' title='bbox 496 3417 674 3482; x_wconf 89' lang='lat' dir='ltr'>Pharaonis</span> <span class='ocrx_word' id='word_1_185' title='bbox 703 3417 847 3481; x_wconf 89' lang='lat' dir='ltr'>exercitu</span> <span class='ocrx_word' id='word_1_186' title='bbox 876 3419 964 3481; x_wconf 93' lang='lat' dir='ltr'>rubri</span> <span class='ocrx_word' id='word_1_187' title='bbox 992 3419 1088 3482; x_wconf 87' lang='lat' dir='ltr'>meris</span> <span class='ocrx_word' id='word_1_188' title='bbox 1113 3421 1290 3503; x_wconf 86' lang='lat' dir='ltr'>gurgitibus</span> <span class='ocrx_word' id='word_1_189' title='bbox 1315 3425 1491 3503; x_wconf 90' lang='lat' dir='ltr'>submerso,</span> <span class='ocrx_word' id='word_1_190' title='bbox 1516 3433 1550 3487; x_wconf 88' lang='lat' dir='ltr'>ct</span> 
     </span>
     <span class='ocr_line' id='line_1_29' title="bbox 495 3518 1548 3608; baseline 0.007 -26"><span class='ocrx_word' id='word_1_191' title='bbox 495 3518 664 3603; x_wconf 85' lang='lat' dir='ltr'>profundis</span> <span class='ocrx_word' id='word_1_192' title='bbox 683 3519 790 3603; x_wconf 87' lang='lat' dir='ltr'>pelagi</span> <span class='ocrx_word' id='word_1_193' title='bbox 811 3518 929 3581; x_wconf 89' lang='lat' dir='ltr'>flustris</span> <span class='ocrx_word' id='word_1_194' title='bbox 951 3521 1119 3598; x_wconf 81' lang='lat' dir='ltr'>suffocato,</span> <span class='ocrx_word' id='word_1_195' title='bbox 1133 3543 1191 3604; x_wconf 90' lang='lat' dir='ltr'>per</span> <span class='ocrx_word' id='word_1_196' title='bbox 1210 3543 1306 3604; x_wconf 91' lang='lat' dir='ltr'>quem</span> <span class='ocrx_word' id='word_1_197' title='bbox 1330 3525 1548 3608; x_wconf 87' lang='lat' dir='ltr'>gastrimargia</span> 
     </span>
     <span class='ocr_line' id='line_1_30' title="bbox 496 3621 1546 3709; baseline 0.006 -24"><span class='ocrx_word' id='word_1_198' title='bbox 496 3621 660 3706; x_wconf 85' lang='lat' dir='ltr'>figuratur,</span> <span class='ocrx_word' id='word_1_199' title='bbox 676 3633 799 3705; x_wconf 88' lang='lat' dir='ltr'>septem</span> <span class='ocrx_word' id='word_1_200' title='bbox 813 3632 925 3702; x_wconf 89' lang='lat' dir='ltr'>gentes</span> <span class='ocrx_word' id='word_1_201' title='bbox 942 3621 1187 3701; x_wconf 84' lang='lat' dir='ltr'>Carranaeorum,</span> <span class='ocrx_word' id='word_1_202' title='bbox 1201 3646 1273 3708; x_wconf 72' lang='lat' dir='ltr'>qun</span> <span class='ocrx_word' id='word_1_203' title='bbox 1291 3639 1443 3709; x_wconf 88' lang='lat' dir='ltr'>septenos</span> <span class='ocrx_word' id='word_1_204' title='bbox 1456 3628 1546 3690; x_wconf 84' lang='lat' dir='ltr'>ritio-</span> 
     </span>
     <span class='ocr_line' id='line_1_31' title="bbox 496 3723 1548 3810; baseline 0.006 -24"><span class='ocrx_word' id='word_1_205' title='bbox 496 3745 568 3787; x_wconf 89' lang='lat' dir='ltr'>rum</span> <span class='ocrx_word' id='word_1_206' title='bbox 583 3745 705 3787; x_wconf 90' lang='lat' dir='ltr'>cuneos</span> <span class='ocrx_word' id='word_1_207' title='bbox 724 3725 831 3806; x_wconf 87' lang='lat' dir='ltr'>typice</span> <span class='ocrx_word' id='word_1_208' title='bbox 847 3723 1051 3800; x_wconf 88' lang='lat' dir='ltr'>obumbrant,</span> <span class='ocrx_word' id='word_1_209' title='bbox 1065 3725 1178 3787; x_wconf 89' lang='lat' dir='ltr'>crebra</span> <span class='ocrx_word' id='word_1_210' title='bbox 1194 3727 1424 3792; x_wconf 88' lang='lat' dir='ltr'>internecionis</span> <span class='ocrx_word' id='word_1_211' title='bbox 1442 3740 1548 3810; x_wconf 87' lang='lat' dir='ltr'>strage</span> 
     </span>
     <span class='ocr_line' id='line_1_32' title="bbox 447 3822 1549 3912; baseline 0.007 -27"><span class='ocrx_word' id='word_1_212' title='bbox 447 3906 452 3912; x_wconf 27' lang='grc' dir='ltr'>ι</span> <span class='ocrx_word' id='word_1_213' title='bbox 498 3824 660 3886; x_wconf 88' lang='lat' dir='ltr'>ambronis</span> <span class='ocrx_word' id='word_1_214' title='bbox 681 3822 747 3885; x_wconf 91' lang='lat' dir='ltr'>orci</span> <span class='ocrx_word' id='word_1_215' title='bbox 766 3823 914 3886; x_wconf 90' lang='lat' dir='ltr'>faucibus</span> <span class='ocrx_word' id='word_1_216' title='bbox 933 3822 1076 3903; x_wconf 88' lang='lat' dir='ltr'>tradidit,</span> <span class='ocrx_word' id='word_1_217' title='bbox 1091 3834 1268 3911; x_wconf 88' lang='lat' dir='ltr'>terramque</span> <span class='ocrx_word' id='word_1_218' title='bbox 1282 3830 1549 3912; x_wconf 88' lang='lat' dir='ltr'>repromissionis,</span> 
     </span>
     <span class='ocr_line' id='line_1_33' title="bbox 496 3921 1548 4010; baseline 0.007 -24"><span class='ocrx_word' id='word_1_219' title='bbox 496 3921 650 4006; x_wconf 91' lang='lat' dir='ltr'>quamdiu</span> <span class='ocrx_word' id='word_1_220' title='bbox 661 3922 819 4004; x_wconf 89' lang='lat' dir='ltr'>Decalogi</span> <span class='ocrx_word' id='word_1_221' title='bbox 832 3925 1053 3989; x_wconf 87' lang='lat' dir='ltr'>sanctionibus</span> <span class='ocrx_word' id='word_1_222' title='bbox 1062 3948 1128 3991; x_wconf 92' lang='lat' dir='ltr'>non</span> <span class='ocrx_word' id='word_1_223' title='bbox 1140 3929 1365 4010; x_wconf 87' lang='lat' dir='ltr'>refragabatur,</span> <span class='ocrx_word' id='word_1_224' title='bbox 1377 3930 1548 3995; x_wconf 88' lang='lat' dir='ltr'>duodecim</span> 
     </span>
     <span class='ocr_line' id='line_1_34' title="bbox 495 4024 1548 4119; baseline 0.009 -32"><span class='ocrx_word' id='word_1_225' title='bbox 495 4024 654 4104; x_wconf 87' lang='lat' dir='ltr'>tribubus,</span> <span class='ocrx_word' id='word_1_226' title='bbox 670 4035 754 4090; x_wconf 87' lang='lat' dir='ltr'>sorte</span> <span class='ocrx_word' id='word_1_227' title='bbox 768 4025 916 4090; x_wconf 89' lang='lat' dir='ltr'>territorii</span> <span class='ocrx_word' id='word_1_228' title='bbox 932 4028 1091 4112; x_wconf 90' lang='lat' dir='ltr'>dirempta</span> <span class='ocrx_word' id='word_1_229' title='bbox 1108 4031 1258 4094; x_wconf 87' lang='lat' dir='ltr'>foeciliter</span> <span class='ocrx_word' id='word_1_230' title='bbox 1273 4033 1421 4110; x_wconf 87' lang='lat' dir='ltr'>incoluit,</span> <span class='ocrx_word' id='word_1_231' title='bbox 1435 4033 1548 4119; x_wconf 91' lang='lat' dir='ltr'>sicque</span> 
     </span>
     <span class='ocr_line' id='line_1_35' title="bbox 495 4129 1549 4215; baseline 0.01 -25"><span class='ocrx_word' id='word_1_232' title='bbox 495 4137 637 4210; x_wconf 78' lang='lat' dir='ltr'>paternae</span> <span class='ocrx_word' id='word_1_233' title='bbox 650 4129 862 4211; x_wconf 88' lang='lat' dir='ltr'>generationis</span> <span class='ocrx_word' id='word_1_234' title='bbox 876 4129 1030 4213; x_wconf 88' lang='lat' dir='ltr'>prosapia</span> <span class='ocrx_word' id='word_1_235' title='bbox 1044 4152 1102 4215; x_wconf 92' lang='lat' dir='ltr'>per</span> <span class='ocrx_word' id='word_1_236' title='bbox 1115 4142 1235 4211; x_wconf 89' lang='lat' dir='ltr'>atavos,</span> <span class='ocrx_word' id='word_1_237' title='bbox 1246 4144 1280 4198; x_wconf 91' lang='lat' dir='ltr'>et</span> <span class='ocrx_word' id='word_1_238' title='bbox 1290 4134 1421 4198; x_wconf 86' lang='lat' dir='ltr'>tritavos</span> <span class='ocrx_word' id='word_1_239' title='bbox 1435 4135 1549 4201; x_wconf 78' lang='lat' dir='ltr'>futura</span> 
     </span>
    </p>
   </div>
   <div class='ocr_carea' id='block_1_7' title="bbox 491 4228 1549 4416">
    <p class='ocr_par' dir='ltr' id='par_1_7' title="bbox 491 4228 1549 4416">
     <span class='ocr_line' id='line_1_36' title="bbox 494 4228 1549 4315; baseline 0.011 -26"><span class='ocrx_word' id='word_1_240' title='bbox 494 4228 699 4309; x_wconf 87' lang='lat' dir='ltr'>posteritatis,</span> <span class='ocrx_word' id='word_1_241' title='bbox 708 4230 885 4312; x_wconf 89' lang='lat' dir='ltr'>nepotibus</span> <span class='ocrx_word' id='word_1_242' title='bbox 896 4239 930 4293; x_wconf 87' lang='lat' dir='ltr'>et</span> <span class='ocrx_word' id='word_1_243' title='bbox 939 4231 1172 4314; x_wconf 87' lang='lat' dir='ltr'>pronepotibus</span> <span class='ocrx_word' id='word_1_244' title='bbox 1187 4233 1339 4315; x_wconf 81' lang='lat' dir='ltr'>legitimae</span> <span class='ocrx_word' id='word_1_245' title='bbox 1352 4235 1549 4300; x_wconf 86' lang='lat' dir='ltr'>boereditatis</span> 
     </span>
     <span class='ocr_line' id='line_1_37' title="bbox 491 4327 1173 4416; baseline 0.012 -27"><span class='ocrx_word' id='word_1_246' title='bbox 491 4327 565 4413; x_wconf 89' lang='lat' dir='ltr'>jure</span> <span class='ocrx_word' id='word_1_247' title='bbox 580 4340 734 4412; x_wconf 88' lang='lat' dir='ltr'>perpetuo</span> <span class='ocrx_word' id='word_1_248' title='bbox 750 4331 980 4414; x_wconf 88' lang='lat' dir='ltr'>possidendum</span> <span class='ocrx_word' id='word_1_249' title='bbox 997 4331 1173 4416; x_wconf 88' lang='lat' dir='ltr'>dereliquit</span> 
     </span>
    </p>
   </div>
   <div class='ocr_carea' id='block_1_8' title="bbox 539 4431 1547 4522">
    <p class='ocr_par' dir='ltr' id='par_1_8' title="bbox 539 4431 1547 4522">
     <span class='ocr_line' id='line_1_38' title="bbox 539 4431 1547 4522; baseline 0.007 -27"><span class='ocrx_word' id='word_1_250' title='bbox 539 4431 637 4495; x_wconf 91' lang='lat' dir='ltr'>Xlll.</span> <span class='ocrx_word' id='word_1_251' title='bbox 660 4433 720 4496; x_wconf 82' lang='lat' dir='ltr'>Ast</span> <span class='ocrx_word' id='word_1_252' title='bbox 735 4453 808 4496; x_wconf 88' lang='lat' dir='ltr'>vero</span> <span class='ocrx_word' id='word_1_253' title='bbox 827 4433 855 4496; x_wconf 93' lang='lat' dir='ltr'>si</span> <span class='ocrx_word' id='word_1_254' title='bbox 871 4441 983 4498; x_wconf 80' lang='lat' dir='ltr'>vestrae</span> <span class='ocrx_word' id='word_1_255' title='bbox 1004 4435 1187 4515; x_wconf 87' lang='lat' dir='ltr'>sagacitatis</span> <span class='ocrx_word' id='word_1_256' title='bbox 1208 4438 1342 4522; x_wconf 79' lang='lat' dir='ltr'>pervigil</span> <span class='ocrx_word' id='word_1_257' title='bbox 1364 4438 1547 4503; x_wconf 91' lang='lat' dir='ltr'>sollicitudo</span> 
     </span>
    </p>
   </div>
   <div class='ocr_carea' id='block_1_9' title="bbox 0 0 1888 5425">
    <p class='ocr_par' dir='ltr' id='par_1_9' title="bbox 0 0 1888 5425">
     <span class='ocr_line' id='line_1_39' title="bbox 0 0 1888 5425; baseline 0 0"><span class='ocrx_word' id='word_1_258' title='bbox 0 0 1888 5425; x_wconf 95' lang='lat' dir='ltr'> </span> 
     </span>
    </p>
   </div>
  </div>
 </body>
</html>
