3759 5425
631 692 788 740 nrrsrocs
804 693 849 739 an
864 691 1038 753 scrscrorr,
1054 692 1126 739 nro.
1343 681 1407 739 tw

351 846 414 908 bus
436 845 568 910 educari
591 853 625 909 et
645 846 743 909 vesci.
788 845 945 929 Simplex,
967 844 1102 928 duplex,
1125 845 1253 928 triplex,
1279 866 1406 924 vervex,

350 945 468 1025 fornix,
481 944 587 1025 redix,
603 946 733 1025 matrix,
754 946 860 1025 lodix,
882 946 1011 1023 victrix,
1033 946 1153 1024 natrix,
1166 947 1272 1025 vivax,
1295 967 1406 1025 verax,

353 1047 473 1133 pellex,
499 1048 595 1125 edax,
621 1046 726 1127 rsdix,
749 1048 902 1127 mendax,
928 1049 1068 1123 imbrex,
1094 1068 1166 1132 quse
1192 1049 1234 1112 ub
1259 1047 1407 1113 arcendis

351 1149 508 1214 imbribus
523 1149 650 1228 dicitur,
661 1170 787 1235 auspex
801 1148 835 1213 id
851 1150 972 1235 estqui
987 1150 1093 1214 avium
1109 1150 1242 1231 angaria
1256 1147 1406 1227 intendit,

352 1274 475 1337 auceps
505 1274 582 1317 vero
617 1253 673 1336 qui
702 1252 878 1339 aucupium
911 1262 1052 1330 exercet,
1081 1253 1243 1337 complex,
1273 1252 1407 1337 duplex,

350 1354 482 1439 triplex,
503 1354 590 1431 elix3
613 1353 710 1418 elices
733 1352 883 1418 dicamur
904 1353 987 1419 sulci
1010 1351 1147 1436 majores
1169 1353 1212 1418 ad
1236 1353 1408 1419 siccandos

350 1474 445 1537 egros
465 1453 573 1531 ducti;
603 1454 711 1531 celox,
727 1462 829 1533 etrox,
845 1454 977 1530 Pollux,
993 1453 1125 1539 conjux,
1139 1453 1227 1537 quod
1240 1474 1357 1518 nomen
1371 1453 1408 1517 in

349 1555 546 1619 nominativo
561 1564 595 1620 et
610 1554 758 1619 vocativo
773 1576 847 1620 cum
862 1555 1086 1621 additamento
1099 1577 1122 1619 n
1141 1556 1242 1621 litsrae
1252 1556 1336 1621 libro
1346 1556 1406 1619 VI.

352 1654 394 1719 de
423 1656 553 1720 nomine
579 1656 687 1721 recolo
714 1655 912 1736 disseruisse,
937 1658 1014 1722 licet
1042 1658 1076 1720 in
1106 1656 1250 1742 obliquis
1279 1659 1408 1723 casibus

350 1758 482 1841 penitus
504 1756 648 1823 deficiat·
693 1756 840 1821 Veniunt
860 1758 957 1822 etiarn
980 1779 1000 1821 a
1019 1758 1252 1842 monosyllabis
1273 1781 1348 1824 cum
1372 1758 1406 1822 in

352 1857 550 1922 nominativo
565 1868 597 1921 ct
618 1858 805 1923 accusativo
827 1859 943 1943 plurali
965 1861 1149 1937 flectuntur,
1163 1870 1200 1924 ut
1220 1861 1281 1924 tlos
1302 1861 1410 1938 flores,

352 1978 424 2023 mos
442 1979 558 2037 mores,
572 1978 625 2022 ros
646 1979 745 2037 rores,
759 1979 842 2042 pons
863 1970 989 2043 pontes,
1005 1961 1077 2025 fons
1098 1959 1215 2041 fontes,
1228 1982 1286 2025 rex
1306 1981 1409 2043 reges,

352 2061 410 2123 lex
434 2060 536 2141 leges,
560 2060 640 2123 lanx
663 2060 784 2138 lances,
810 2060 902 2142 glans
929 2061 1073 2143 glandes,
1097 2065 1173 2146 plus
1197 2064 1315 2147 plures,
1336 2084 1409 2127 mus

354 2180 473 2240 mures,
493 2181 564 2225 cors
589 2170 706 2239 cortes,
729 2181 786 2225 cos
807 2171 908 2240 cotes,
931 2184 1000 2227 sors
1021 2173 1134 2242 sortes,
1153 2163 1213 2227 dos
1234 2163 1337 2242 dotes,
1357 2184 1409 2227 ars

355 2272 448 2337 artes,
473 2281 547 2344 pers
569 2272 686 2344 partes,
708 2262 783 2325 calx
810 2263 927 2340 calces,
957 2284 1049 2328 merx
1078 2284 1212 2341 merces,
1233 2264 1283 2328 sol
1311 2265 1408 2338 soles,

353 2382 432 2425 cum
447 2359 489 2424 ad
506 2359 576 2425 dies
589 2362 775 2445 pertinebit,
789 2372 842 2425 at:

495 2470 676 2537 Quadraginta
687 2468 726 2523 illi
738 2468 843 2523 fuerunt
854 2487 890 2523 cx
901 2470 991 2523 ordine
1002 2467 1083 2523 soles:

354 2587 420 2629 vox
435 2586 542 2644 voces,
556 2586 624 2629 nox
647 2574 771 2641 noctes,
785 2566 826 2630 lis
840 2566 923 2644 lites,
946 2565 998 2629 dis
1021 2564 1114 2643 dites,
1135 2564 1197 2644 glis
1212 2565 1316 2647 glires,
1335 2567 1408 2649 puls

354 2667 474 2752 pultes.

398 2769 440 2832 D.
464 2768 518 2833 Ds
532 2769 796 2855 conjugationum
811 2769 1064 2853 exempla-M.
1089 2768 1197 2833 Primo
1215 2780 1248 2834 et
1266 2767 1410 2833 secunda

355 2870 550 2956 conjugatio.
595 2871 635 2932 In
657 2867 801 2934 secunda
821 2888 960 2952 persona
984 2879 1018 2934 et
1042 2871 1135 2934 tertia
1157 2871 1251 2953 plura
1276 2891 1409 2934 concor·

355 2969 444 3049 dant,
459 2979 495 3034 ut
516 2970 584 3034 libo
605 2970 689 3033 libes
710 2969 826 3048 libant,
848 2969 927 3034 sedo
950 2970 1044 3035 sedas
1065 2971 1188 3051 sedant,
1208 2971 1291 3035 sudo
1313 2971 1410 3036 sudas

355 3071 480 3138 sudant
526 3073 608 3135 Item
630 3091 732 3135 caneo
755 3091 850 3135 canes
874 3082 1002 3151 canent,
1024 3074 1132 3157 polleo
1152 3074 1256 3158 polles
1277 3074 1411 3158 pollent,

354 3171 488 3238 frondeo
502 3171 633 3236 frondes
646 3170 807 3235 frondent.
854 3173 893 3234 In
915 3182 1028 3257 quarta
1046 3183 1153 3238 eutem
1173 3171 1410 3258 conjugatione,

355 3271 499 3340 secunda
520 3281 643 3336 tentum
664 3292 812 3357 persona,
834 3280 872 3336 ut
892 3273 1006 3338 hinnio
1027 3275 1149 3353 hinnis,
1173 3276 1275 3339 tinnio
1301 3276 1411 3354 tinnis,

355 3374 495 3457 grunnio
517 3373 661 3458 grunnis,
676 3373 811 3456 ffundio
834 3375 981 3456 grundis
1002 3376 1120 3440 trinnio
1141 3376 1266 3454 trinnis,
1289 3378 1411 3458 grincio

356 3473 486 3556 grincis.
531 3475 616 3538 Sunt
640 3473 735 3538 etiarn
762 3475 858 3537 verba
887 3473 1037 3540 secundae
1063 3475 1311 3560 conjugationis,
1337 3498 1409 3560 quae

356 3573 534 3641 indicativo
549 3573 647 3638 modo
663 3584 805 3657 tempore
821 3575 983 3658 praeterito
997 3577 1149 3658 perfecto,
1160 3577 1264 3660 prima
1274 3598 1412 3660 persons

357 3674 547 3760 spondaeum
570 3675 716 3757 gignunt.
762 3673 916 3738 Similiter
941 3683 975 3739 ct
999 3675 1187 3759 imperativo
1212 3674 1310 3740 modo
1331 3687 1411 3742 tem·

356 3798 436 3860 porc
450 3778 599 3862 praesenti
615 3775 758 3841 secunda
772 3797 909 3862 persona
928 3798 1062 3842 numero
1082 3778 1246 3860 singulari,
1260 3790 1297 3844 ut
1309 3779 1411 3863 jubeo

353 3879 438 3964 jussi
447 3879 540 3964 jube,
555 3879 662 3960 lirlgeo
681 3878 756 3942 fulsi
777 3878 875 3961 fulge,
889 3877 980 3942 rideo
1000 3879 1055 3942 risi
1074 3878 1154 3958 ride,
1168 3879 1296 3960 mulgeo
1315 3879 1413 3943 mulsi

359 3982 474 4064 mulge.
519 3981 604 4045 Sunt
618 3981 681 4044 alia
695 3978 839 4064 ejusdem
855 3980 1092 4065 conjugationis
1107 4002 1180 4065 quae
1200 3979 1234 4042 in
1253 3982 1413 4065 praeterito

358 4082 501 4167 perfecto
531 4080 742 4160 concordant,
771 4080 828 4144 sed
865 4082 1053 4166 imperativo
1087 4080 1244 4164 predicte
1278 4101 1414 4164 persona

357 4182 499 4246 iemburn
515 4202 580 4244 non
596 4179 784 4264 spondaeum
800 4181 944 4258 eliciunt,
959 4192 994 4243 ut
1009 4180 1099 4245 faveo
1113 4181 1176 4245 sari
1193 4181 1271 4257 save,
1286 4190 1338 4243 ut:

501 4286 617 4350 Christe,
629 4283 687 4339 fare
699 4286 774 4340 rotis.

357 4405 472 4448 moveo
509 4382 595 4446 movi
632 4403 736 4460 move,
775 4403 888 4446 maneo
918 4381 1022 4445 mansi
1059 4403 1163 4461 inane,
1198 4403 1301 4466 paveo
1340 4386 1413 4466 pari

359 4505 453 4568 pave,
472 4493 527 4550 ut:

502 4589 588 4643 Ellam
600 4591 669 4644 corvi
682 4589 812 4660 quondam
824 4604 916 4660 perere
928 4587 1048 4641 ministri.
