3759 5425
1453 441 1461 453 ’
1649 334 1662 660 ¹

462 663 526 721 tto
751 670 906 718 amorosa
922 666 1246 730 snamscmrurrc.

466 827 607 910 legitime
645 824 819 911 quinquies
854 823 1028 907 quinquies
1056 820 1214 905 quadrare
1249 817 1422 883 absurdum
1450 837 1522 879 non

466 927 684 1014 opinus-M.
707 926 868 990 Heroicns
892 944 1001 987 versus
1030 924 1087 986 xri
1111 920 1256 1004 syllabis,
1281 929 1416 1005 quantor
1439 917 1520 982 dac·

466 1031 541 1113 tylis
556 1037 718 1105 constans,
734 1026 877 1110 quinque
894 1025 1017 1109 species
1031 1023 1185 1100 continet,
1199 1023 1255 1101 ita,

468 1147 557 1211 Loco
572 1146 688 1230 primo,
703 1142 856 1220 secundo,
873 1143 966 1207 tertio
981 1154 1014 1206 et
1028 1152 1140 1226 quarto
1156 1139 1336 1224 dactylum:

607 1243 624 1296 J
625 1260 668 1295 sm
679 1242 828 1296 meranda
840 1240 892 1294 Dei
904 1239 1007 1293 soboles
1018 1256 1093 1293 nuce
1104 1238 1191 1291 salvat
1199 1237 1333 1291 mnndum.

465 1332 554 1395 Loco
569 1330 682 1414 primo,
697 1329 852 1407 secundo,
868 1330 972 1406 tertio,
986 1340 1019 1392 et
1032 1329 1146 1413 quinto
1162 1327 1337 1410 dactylum,

606 1435 667 1489 Jam
678 1435 825 1489 veneranda
837 1434 891 1487 Dei
901 1434 1005 1488 soboles
1015 1450 1090 1486 nuce
1100 1433 1186 1487 salvat
1195 1432 1327 1486 mundum.

467 1524 558 1587 [oco
572 1523 686 1607 prim0,
701 1521 856 1599 secundo,
871 1533 985 1607 quarto
999 1531 1033 1586 et
1047 1522 1161 1606 quinto
1174 1520 1355 1604 dactylum:

605 1618 648 1673 En
658 1619 807 1673 veneranda
818 1619 870 1672 Dei
882 1618 968 1691 proles
979 1637 1055 1672 cruce
1067 1617 1146 1671 mola
1156 1622 1281 1670 ormena

467 1716 555 1779 Loco
570 1716 685 1798 primo,
699 1717 803 1791 tertio,
820 1724 945 1800 quarto,
959 1725 991 1779 et
1004 1716 1120 1800 quinto
1135 1713 1309 1797 dactylum,

606 1821 667 1874 Jam
679 1822 761 1894 pietas
772 1821 901 1873 immensa
913 1819 967 1873 Dei
978 1838 1053 1874 nuce
1064 1824 1157 1873 cuncta
1167 1819 1264 1872 beavit.

465 1919 558 1982 Loco
572 1918 727 1997 secundo,
741 1918 846 1997 tertio,
861 1932 985 2003 quarto,
1001 1929 1033 1983 et
1047 1920 1160 2003 quinto
1174 1915 1353 2000 dactylum:

606 2024 735 2077 Mundum
741 2025 800 2097 jam
809 2024 957 2077 veneranda
969 2024 1023 2077 Dei
1034 2024 1139 2077 soboles
1147 2040 1222 2076 mnes
1233 2022 1325 2076 salvat.

507 2119 550 2185 Ι).
573 2120 660 2193 Quid
682 2120 789 2203 igitan,
807 2120 842 2183 in
868 2142 962 2185 versu
983 2122 1179 2203 syllabarum
1202 2119 1315 2184 decem
1338 2130 1371 2184 st
1391 2128 1516 2204 septem

464 2232 543 2306 quot
564 2221 728 2286 schemam
747 2232 893 2285 autumas
911 2220 1217 2287 calculandal—M.
1240 2220 1394 2285 Similiter
1408 2222 1443 2285 in
1462 2242 1516 2300 eo,

463 2322 548 2386 utin
563 2321 610 2385 xii
624 2322 768 2403 syllabis,
783 2342 882 2385 nuum
897 2321 1030 2386 schema
1044 2322 1201 2386 contineri
1214 2321 1401 2406 adstipulor.

506 2422 550 2487 D.
572 2419 744 2494 Quomodo
772 2424 822 2485 rel
850 2442 916 2505 qno
946 2432 1042 2505 pacto
1072 2420 1140 2485 ficri
1168 2431 1273 2505 potest
1297 2434 1334 2485 ut
1361 2421 1516 2485 minimus

464 2543 573 2587 versus
601 2532 634 2586 et
661 2522 822 2585 maximus
844 2520 997 2586 concordi
1020 2522 1218 2586 schematum
1239 2523 1311 2603 lege
1333 2522 1516 2601 decurrant,

465 2642 537 2687 curn
554 2629 718 2706 tantopere
738 2621 932 2705 syllabarum
954 2643 1087 2686 numero
1105 2620 1406 2707 discrepanti-M.
1428 2624 1516 2696 Quia

464 2725 511 2789 ibi
537 2723 710 2809 spondaeus
735 2723 879 2808 quinque
906 2735 1034 2789 constat
1057 2725 1158 2802 locis:
1188 2725 1242 2789 hic
1267 2746 1342 2789 vero
1365 2725 1515 2810 dactylus

463 2824 596 2889 totidem
610 2823 692 2888 locis
706 2825 856 2887 inseritur
876 2837 1014 2909 excepto
1035 2826 1148 2890 ultimo
1163 2826 1246 2911 pede
1270 2848 1365 2910 quem
1379 2848 1514 2891 necesse

465 2935 513 2988 est
542 2924 753 3008 dissyllabum
783 2945 866 3002 esse,
894 2947 937 2989 ne
966 2927 1162 3009 syllabarum
1190 2928 1327 3011 amplior
1360 2949 1512 2993 numerus

463 3033 636 3089 accrescat.

507 3125 550 3187 D.
573 3125 784 3206 Dogmatistae
795 3128 961 3192 sententiis
970 3137 1003 3191 et
1017 3127 1159 3193 doctoris
1168 3131 1368 3195 sermonibus
1382 3131 1514 3195 credula

462 3223 639 3310 praecordia
653 3223 776 3307 pando:
800 3226 856 3289 sed
873 3237 981 3291 tamen
996 3228 1030 3291 id
1045 3230 1163 3294 certius
1185 3253 1228 3294 ex
1243 3231 1358 3315 priscis
1371 3243 1512 3297 veterum

462 3324 662 3410 poematibus
687 3325 829 3409 experiri
854 3329 1055 3411 cupio-M.
1090 3330 1255 3396 Chronica
1277 3333 1414 3397 Eusebii
1438 3334 1510 3397 Vir·

463 3427 575 3510 gilium
590 3426 778 3491 imminente
793 3437 881 3492 metu
899 3431 1011 3494 mortis
1026 3431 1180 3496 cecinisse
1194 3431 1334 3498 tradunt
1378 3434 1424 3497 Et
1444 3434 1511 3519 epi·

462 3549 613 3612 gramma,
624 3527 711 3613 quod
727 3527 923 3611 epitaphium
939 3542 1071 3594 vocatur
1084 3530 1127 3595 ad
1141 3553 1291 3616 suprema
1305 3535 1510 3620 exequiarum

462 3629 575 3694 funera
589 3627 808 3710 composuisse
823 3627 982 3694 dicendo:

605 3735 717 3788 Mantua
728 3751 770 3788 ms
781 3736 881 3804 gennit,
894 3735 1002 3791 Calabri
1011 3755 1131 3811 rapuere,
1142 3746 1215 3795 tenet
1224 3760 1300 3797 nune.

462 3831 634 3899 Scanditnr
647 3831 703 3909 ita,
718 3832 862 3895 Mantua.
884 3854 936 3897 me
956 3853 1050 3914 genu.
1072 3835 1097 3898 it
1112 3836 1202 3902 Cala.
1218 3839 1266 3901 bri
1285 3859 1373 3923 rapu.
1393 3860 1447 3904 ere
1469 3850 1511 3904 te.

462 3944 519 3998 net
531 3951 629 3996 nunc.
674 3932 779 4003 Quem
795 3931 946 3996 Lucanus
968 3936 1124 4015 emulans,
1139 3938 1193 4001 his
1207 3939 1313 4003 verbis
1327 3940 1512 4006 imitabatur

464 4033 593 4100 dicens:

603 4139 726 4194 Corduba
736 4157 779 4194 ms
791 4141 891 4209 genuit,
904 4144 990 4213 rapuit
1001 4143 1030 4195 N
1031 4161 1090 4210 ero;
1108 4146 1198 4218 praelia
1209 4146 1275 4207 dixi,

464 4238 555 4304 Idem
569 4235 652 4301 libro
666 4247 780 4300 sexto:

602 4340 725 4411 Undique
738 4342 864 4414 praecipiti
875 4343 989 4417 scopulis
1000 4349 1192 4403 removentibus
1203 4366 1300 4419 sequor.

414 4429 417 4436 ⁴
461 4439 636 4506 Scanditur
646 4439 692 4504 ita
703 4438 858 4523 undique.
869 4443 1048 4526 precipiti
1064 4466 1175 4529 scopu.
1186 4448 1227 4511 lis
1237 4469 1335 4512 remo.
1350 4449 1509 4514 ventibus.

1660 2323 1661 2356 l

1658 2379 1662 2417 l
