3759 5425
466 644 506 704 10
821 659 847 702 s.
862 655 1040 702 mausum
1056 655 1159 701 ussa

462 810 655 876 horrendum
681 809 837 892 gehennae
861 817 1012 873 tartarum
1044 806 1309 882 contremiscens,
1334 816 1368 871 st
1392 816 1518 870 aeternae

462 913 535 976 vita
558 911 718 976 desiderio
740 914 879 994 flagrans
901 913 1038 994 gratuita
1057 910 1181 975 Christi
1199 912 1302 992 gratia
1323 907 1422 974 fretus
1442 929 1520 972 cum

463 1013 587 1077 sudoris
607 1012 764 1077 industria
786 1013 925 1078 efficitur
948 1021 1141 1091 antecessor,
1162 1011 1249 1095 quod
1271 1011 1336 1073 illis
1359 1011 1520 1074 duntaxat

460 1117 495 1180 in
510 1128 646 1202 utroque
660 1137 742 1181 sexu
756 1115 967 1199 lachrymosis
978 1117 1124 1180 luctuum
1135 1116 1329 1197 singultibus
1343 1113 1520 1195 lugubriter

461 1221 702 1287 lamentandum
717 1231 836 1284 etcum
852 1218 1013 1303 profundo
1028 1217 1276 1304 praecordiorum
1292 1217 1429 1301 suspirio
1439 1235 1519 1299 que·

462 1324 578 1388 rulosis
600 1323 778 1407 quaestibus
801 1323 950 1386 flebiliter
968 1320 1245 1404 ingemiscendum
1267 1331 1409 1384 autumo.
1453 1316 1521 1389 Qui

463 1424 588 1489 tumido
603 1425 751 1488 elationis
770 1424 941 1507 supercilio
959 1423 1064 1486 inflati
1079 1422 1120 1485 de
1135 1425 1205 1485 sola
1218 1423 1323 1486 caruis
1336 1421 1519 1502 integritate

464 1526 647 1607 gloriantur,
662 1523 740 1586 dum
755 1525 804 1587 illi
820 1524 860 1587 de
875 1525 1059 1607 periculoso
1074 1523 1188 1588 sarcuh
1202 1522 1370 1604 naufragio
1385 1531 1419 1585 et
1434 1541 1521 1601 gras·

463 1633 553 1689 sante
569 1623 646 1687 diras
661 1623 862 1708 tempestatis
881 1624 1018 1702 turbine,
1033 1626 1121 1688 velut
1139 1625 1224 1687 inter
1242 1623 1384 1706 Scyllam
1400 1622 1522 1685 Sicilire

463 1735 497 1791 et
518 1726 679 1789 baratrum
707 1725 868 1807 voraginis
891 1725 1080 1805 navigantes
1105 1723 1148 1787 ad
1171 1734 1300 1808 portum
1330 1723 1523 1787 coenobialis

464 1831 539 1893 ritae
558 1826 757 1901 festinantes,
773 1826 851 1889 licet
868 1826 1103 1909 aliquantulum
1118 1827 1276 1909 quassatis
1291 1827 1417 1909 cymbae
1433 1847 1522 1889 corn-

464 1929 602 2014 psgibus
627 1929 756 1993 Christo
785 1930 983 2010 gubernante
1012 1928 1160 1992 foeliciter
1183 1939 1407 2011 pervenerunt.
1461 1929 1524 1992 Isti

464 2051 539 2094 vero
566 2051 640 2094 cum
663 2030 796 2112 integris
822 2030 937 2093 animae
960 2030 1083 2094 ratibus
1108 2039 1142 2093 et
1164 2032 1253 2093 salva
1274 2029 1524 2094 incontaminati

465 2132 608 2214 corporis
621 2133 717 2195 lintre
733 2132 801 2196 siue
818 2130 1002 2194 discrimine
1025 2132 1232 2214 scopulorum
1252 2140 1372 2194 sanctae
1387 2153 1522 2195 conver·

466 2231 601 2297 sationis
616 2232 762 2295 habitum
777 2242 935 2316 petentes,
948 2239 1038 2295 tanto
1048 2231 1155 2294 minus
1167 2233 1375 2295 lamentorum
1392 2232 1524 2294 fletibus

464 2335 651 2399 incumbere
666 2336 805 2416 gestiunt
819 2347 852 2399 et
865 2335 1100 2417 lachrymarum
1115 2334 1272 2397 imbribus
1283 2334 1407 2397 cultum
1422 2335 1524 2417 rigare

468 2434 677 2513 contendunt,
690 2443 812 2519 quanto
828 2457 862 2499 se
877 2436 977 2499 nullis
990 2457 1154 2500 naevorum
1169 2438 1305 2501 maculis
1319 2437 1524 2516 deformatos,

468 2537 559 2600 nullo
575 2536 736 2599 saecularis
752 2533 863 2600 scoriae
879 2543 1056 2600 atramento
1078 2535 1216 2600 foedatos
1231 2536 1328 2600 suisse
1343 2535 1523 2601 confidunt

468 2639 523 2704 Illi
537 2659 576 2702 eo
591 2640 692 2723 magis
712 2636 849 2702 roscidis
871 2640 1035 2702 oculorum
1057 2639 1199 2702 fontibus
1218 2650 1252 2701 et
1269 2640 1432 2723 palpebris
1455 2640 1523 2702 stil-

467 2743 609 2807 lantibus
628 2752 774 2807 moestam
795 2741 910 2805 faciem
929 2740 1114 2804 humectare
1128 2740 1249 2825 jugiter
1269 2760 1339 2803 nou
1357 2739 1523 2815 desinunt,

468 2865 534 2927 quo
560 2864 595 2906 se
621 2842 769 2925 quaedam
792 2841 890 2905 vetita
911 2850 944 2905 et
964 2840 1045 2923 legis
1068 2842 1249 2905 austeritate
1270 2841 1455 2922 interdicta,
1477 2866 1523 2907 ex

467 2943 581 3007 mundi
602 2945 762 3007 consortio
782 2944 896 3008 illicite
916 2951 1117 3027 perpetrasse
1136 2938 1360 3020 meminerunt,
1374 2944 1428 3007 isti
1447 2967 1525 3009 vero

468 3045 557 3130 quod
573 3066 607 3108 se
621 3045 765 3122 coelibes,
779 3054 895 3122 castos,
910 3055 943 3107 et
956 3045 998 3106 ab
1019 3044 1107 3106 omni
1126 3044 1290 3129 spurcitiae
1310 3045 1436 3109 sentina
1450 3046 1525 3109 iun·

468 3146 556 3211 ditus
570 3148 728 3212 immunes
743 3146 944 3223 arbitrentur,
958 3143 1081 3208 fiducia
1095 3145 1295 3227 virginitatis
1314 3145 1418 3209 inflati
1438 3168 1524 3211 arro·

468 3260 583 3333 gauter
596 3250 822 3326 intumescunt,
831 3256 864 3311 et
877 3267 1082 3329 nequaquam
1097 3246 1348 3311 crudelissimam
1365 3247 1526 3329 superbire

469 3350 617 3414 balenam
636 3358 819 3414 caeterarum
834 3348 987 3411 vhtutum
1007 3345 1237 3412 devoratricem
1256 3348 1446 3412 humilitatis
1460 3349 1525 3411 cir·

468 3452 533 3517 cilo
549 3449 723 3514 declinant.

512 3552 573 3616 XI.
596 3550 682 3614 Nam
700 3549 735 3612 in
758 3548 911 3613 conflictu
933 3557 1008 3611 octo
1030 3547 1258 3631 principalium
1272 3547 1433 3627 vitiorum,
1447 3550 1528 3615 licet

469 3654 583 3719 ultima
596 3662 751 3735 ponatur:
775 3660 881 3714 tamen
895 3648 991 3731 quasi
1008 3657 1101 3710 atrox
1115 3647 1226 3728 regina
1241 3650 1417 3731 tyrannica
1431 3662 1526 3734 pote·

469 3756 560 3821 statis
585 3754 766 3839 imperium,
792 3762 825 3815 et
850 3748 1039 3815 dominandi
1061 3749 1280 3813 monarchiam
1305 3771 1373 3832 prae
1399 3752 1526 3815 caeteris

469 3856 533 3921 sibi
557 3874 710 3935 usurpare
738 3852 924 3928 dinoscitur,
947 3852 1025 3933 quia
1050 3851 1120 3916 sine
1144 3850 1279 3935 ancipiti
1304 3853 1527 3936 ambiguitatis

470 3955 622 4039 scrupulo
638 3954 792 4018 veraciter
806 3951 1003 4017 credendum
1016 3963 1076 4031 est,
1092 3953 1180 4038 quod
1194 3954 1284 4037 prius
1302 3954 1415 4018 lucifer
1432 3976 1526 4038 para·

470 4059 601 4123 sitorum
632 4054 797 4119 sodalibus
826 4055 963 4119 vallatus
999 4065 1033 4119 et
1067 4056 1295 4139 Apostatarum
1330 4056 1527 4120 satellitibus

470 4159 675 4241 glomeratam,
696 4158 730 4221 iu
752 4157 947 4240 profundum
970 4156 1129 4240 superbias
1154 4158 1326 4234 baratrum,
1351 4169 1384 4220 et
1407 4166 1526 4220 tetrum

469 4262 616 4325 elationis
634 4260 772 4325 'tumidae
798 4272 947 4325 tartarum
973 4260 1194 4325 cassabundus
1219 4260 1401 4339 corruisset,
1426 4281 1525 4343 quam

469 4364 683 4449 protoplastus
706 4362 845 4427 recentis
867 4362 1012 4426 Paradisi
1034 4363 1170 4426 colonus
1191 4371 1224 4424 et
1245 4361 1346 4426 totius
1366 4363 1525 4425 terrestris

468 4474 629 4542 creaturae,
659 4483 757 4548 quam
786 4474 870 4527 teres
897 4462 1020 4544 vertigo
1053 4463 1128 4528 coeli
1157 4462 1192 4525 in
1221 4461 1353 4527 modum
1389 4464 1524 4526 rotantis
