3759 5425
458 786 522 847 872
687 800 763 847 vrrs
779 801 956 849 sensatur
973 802 1104 847 ranrcro
1120 802 1281 851 AUCTORE.

458 950 584 1015 idcirco
618 954 842 1038 relinquuntur
876 955 1008 1032 intacta,
1039 977 1079 1018 ne
1114 954 1315 1019 audientibus
1352 970 1515 1037 generent

456 1050 595 1117 fastidia

501 1153 661 1239 Tempore
683 1176 757 1218 sero
785 1153 989 1239 postmodum
1020 1154 1116 1239 hujus
1137 1154 1301 1219 reverendi
1323 1156 1516 1233 Antistitis;

459 1274 540 1335 gens
567 1253 734 1316 Danorum
761 1252 887 1336 perfida
914 1252 1044 1336 verique
1074 1252 1137 1315 Dei
1160 1252 1266 1317 adhuc
1296 1256 1408 1333 inscie,
1432 1278 1514 1320 cum

459 1354 661 1419 multitudine
686 1356 836 1418 classium
866 1355 1004 1417 insulam
1035 1355 1150 1418 invasit
1171 1356 1358 1420 Britannice.
1402 1354 1516 1442 Cujus

458 1456 581 1519 feritate
616 1456 711 1537 longe
738 1455 902 1538 perterrita
930 1476 1011 1536 gens
1039 1456 1174 1537 Anglioe,
1203 1456 1286 1520 sicut
1321 1458 1419 1522 moris
1460 1472 1515 1523 est
1579 1447 1586 1461 ’

457 1558 647 1631 timentium,
659 1576 791 1619 summae
802 1554 952 1617 Trinitati
966 1555 1094 1618 assidue
1106 1554 1219 1619 devota
1233 1570 1339 1621 mente
1349 1558 1515 1622 referebat

457 1656 676 1740 hymnodiam,
696 1666 733 1719 ut
754 1656 899 1732 salvaret,
920 1675 1003 1739 quos
1029 1656 1215 1731 redemerat,
1235 1658 1441 1741 persistentes
1473 1660 1513 1722 in

456 1758 521 1821 lide
559 1758 736 1834 catholice,
771 1756 813 1820 de
849 1757 949 1820 nimia
985 1756 1172 1821 crudelitate
1209 1759 1433 1837 barbarorum
1474 1774 1512 1825 et

455 1860 642 1924 Sanctorum
665 1859 733 1922 suis
760 1858 795 1921 in
817 1858 898 1921 locis
925 1859 1058 1921 immota
1085 1870 1222 1922 servaret
1242 1860 1336 1924 beata
1358 1882 1509 1946 corpora,

455 1981 592 2042 qnorum
619 1960 771 2042 precibus
799 1960 894 2042 plebs
922 1957 1033 2043 adjuta
1061 1958 1179 2033 tidelis,
1207 1960 1339 2045 ejusque
1369 1962 1509 2047 imperio

453 2058 591 2134 subdita,
614 2058 790 2121 crudelium
818 2058 960 2122 hostium
989 2060 1180 2123 calamitatis
1208 2060 1365 2125 sarcinam
1395 2078 1509 2147 posset

454 2156 596 2223 eradere.
639 2157 733 2219 Tunc
752 2158 957 2241 supradictus
979 2161 1141 2239 Pontifex,
1155 2161 1339 2245 iniquorum
1361 2164 1505 2229 hostium

454 2280 654 2341 cognoscens
682 2260 930 2343 nenessitatem,
960 2276 993 2325 et
1021 2263 1055 2325 in
1085 2262 1214 2326 carioris
1243 2264 1363 2327 metalli
1392 2266 1504 2347 specie

454 2384 563 2427 eorum
585 2382 733 2447 spurcum
763 2361 909 2441 cogitans
930 2363 1134 2440 ariditatem3
1165 2364 1345 2449 timensque
1367 2388 1409 2430 ne
1433 2368 1503 2431 auri

455 2465 612 2549 argentive
634 2464 667 2525 in
690 2464 803 2526 feretro
826 2462 994 2525 existentis
1023 2464 1123 2528 illecti
1152 2485 1269 2539 amore,
1293 2467 1374 2529 tanti
1396 2467 1503 2531 Patris

453 2565 605 2651 reliquias
626 2564 758 2647 pollutis
776 2564 925 2627 manibus
947 2564 1177 2647 contingerent,
1193 2578 1226 2629 et
1246 2578 1394 2631 tractatas
1416 2568 1502 2633 soede

454 2666 547 2751 pejus
568 2665 801 2749 relinquereut;
830 2666 880 2728 rel
907 2662 1008 2749 (quod
1031 2664 1126 2746 absit)
1150 2666 1177 2729 si
1202 2664 1348 2730 ecclesie
1369 2678 1503 2732 ornatus

454 2767 611 2844 tollerent,
632 2778 755 2830 tantum
778 2765 960 2829 thesaurum
982 2766 1103 2830 alicubi
1123 2767 1336 2851 projicerent3
1368 2771 1505 2834 sanctis-

454 2869 569 2931 simum
591 2889 709 2952 corpus
730 2879 906 2930 reverenter
927 2867 1023 2930 traxit
1044 2861 1085 2930 de
1116 2869 1241 2947 feretro,
1263 2878 1295 2931 et
1320 2870 1355 2932 in
1377 2873 1504 2936 tumulo

452 2969 584 3052 lapideo
598 2971 709 3033 sericis
727 2971 966 3034 linteaminibus
981 2971 1157 3036 involutum
1177 2973 1358 3038 collocarit
1402 2977 1500 3041 Hanc

452 3081 558 3133 numm
579 3073 829 3150 translationem,
844 3085 887 3151 et,
901 3087 938 3136 ut
955 3075 1058 3137 verius
1076 3072 1194 3151 dicam,
1214 3074 1343 3139 fidelem
1362 3079 1503 3142 abscon-

452 3171 575 3234 sionem
597 3171 700 3234 sancti
723 3175 877 3256 corporis,
898 3175 974 3238 fecit
995 3175 1091 3237 tertio
1107 3196 1210 3238 nonas
1232 3175 1324 3251 Maii,
1347 3191 1383 3240 ut
1401 3180 1503 3243 multa

451 3282 608 3334 testantur
618 3271 858 3356 Martyrologia.
901 3275 1117 3338 Veruntamen
1128 3275 1218 3338 Deus
1230 3287 1339 3340 custos
1353 3277 1502 3344 fidelium

451 3375 513 3438 hoc
543 3373 716 3458 peccatrici
744 3374 832 3456 genti
861 3374 971 3436 intulit
997 3374 1236 3456 improperium,
1258 3396 1316 3458 per
1337 3379 1386 3440 sui
1417 3381 1503 3443 servi

319 3506 331 3523 ·
449 3478 536 3542 beati
547 3477 709 3542 Aldhelmi
721 3477 877 3540 meritum.
922 3475 1006 3540 Cum
1018 3497 1076 3559 per
1087 3478 1186 3541 totius
1197 3479 1321 3559 Angliae
1332 3482 1499 3563 regionem

452 3580 613 3644 exercitus
627 3577 835 3642 nefandorum
854 3577 917 3640 hac
932 3577 1071 3662 illacque
1086 3577 1287 3653 discurreret,
1302 3581 1434 3646 tandem
1455 3585 1501 3648 ad

449 3679 661 3743 Melduneuse
681 3677 866 3742 coenobium
880 3677 1035 3762 pervenit,
1049 3678 1107 3742 ubi
1127 3678 1310 3761 indigenam
1329 3683 1501 3764 populum,

449 3781 530 3843 tanti
544 3779 711 3843 Pontificio
733 3777 918 3842 defensione
933 3777 1163 3857 confidentem,
1177 3779 1245 3843 auri
1261 3781 1389 3863 copiam
1405 3781 1501 3846 detu-

447 3882 524 3944 lisse
553 3880 724 3944 audiverat
769 3881 846 3956 Qui,
868 3890 904 3942 ut
924 3880 1075 3944 trendens
1098 3880 1150 3944 leo
1172 3901 1228 3964 per
1249 3879 1409 3944 desertum
1431 3882 1498 3946 dis-

448 3983 555 4058 currit,
570 3981 688 4045 nullius
701 3981 775 4043 ferse
789 3980 905 4043 timens
924 4000 1103 4057 occursum,
1118 4001 1225 4052 caecus
1239 3981 1355 4044 esuriei
1374 3983 1500 4062 ardore,

449 4097 571 4148 tuntum
589 4082 703 4167 quaerit
722 4079 802 4166 quid
821 4079 971 4154 devoret3
996 4081 1167 4144 ecclesiam
1186 4081 1311 4165 irrupit,
1330 4103 1368 4146 ac
1396 4106 1500 4169 usque

449 4185 491 4249 ad
516 4197 626 4248 sancta
651 4192 830 4246 sanctorum
853 4201 990 4244 vesanus
1012 4182 1156 4244 accessit.
1201 4183 1285 4245 Mox
1308 4194 1345 4246 ut
1368 4184 1498 4248 illorum

450 4285 593 4372 quidam,
615 4295 748 4368 accepto
768 4303 896 4359 arcano,
910 4281 1040 4363 lapillos
1057 4282 1179 4366 cupivit
1197 4282 1354 4365 pretiosos
1371 4285 1497 4349 trahere

448 4409 467 4450 e
482 4390 606 4462 feretro,
621 4385 738 4448 amisso
753 4383 873 4445 lumine
890 4381 998 4445 divina
1019 4381 1141 4446 ultione
1157 4383 1312 4446 continuo
1326 4383 1446 4448 cecidit
1461 4386 1495 4450 in

445 4488 674 4568 pavimentum.
718 4484 813 4545 Tune
839 4484 991 4545 ementati
1020 4483 1129 4546 hostes
1151 4483 1268 4561 ceteri,
1291 4485 1495 4570 omniaque

445 4585 480 4643 in
496 4583 688 4640 monasterio
704 4594 802 4654 erant,
818 4601 1002 4661 quanquam
1019 4583 1176 4658 nolentes,
1191 4583 1336 4646 fecerunt
1354 4584 1494 4668 relinqui
