3759 5425
663 773 817 819 urrsrora
832 774 876 819 ao
892 774 1067 834 scracruu,
1083 774 1154 821 arc.
1368 761 1427 824 etl

379 946 497 1010 aequor.
553 928 596 989 At
625 948 699 990 vero
728 927 902 1010 praedictus
932 940 1020 992 vates
1049 929 1248 993 Mantuanus
1277 932 1353 994 alibi
1383 932 1428 995 ita

376 1030 469 1093 refert
481 1054 488 1093 :

518 1136 557 1189 At
569 1136 632 1189 tuba
644 1135 786 1189 terribilem
798 1138 911 1190 sonitum
923 1136 1012 1207 procul
1024 1154 1076 1190 rere
1088 1154 1191 1190 canoro

377 1235 529 1299 Sedulius
543 1244 576 1298 et
590 1234 631 1297 de
644 1234 874 1297 monoschemo
890 1254 983 1297 versu
998 1234 1081 1297 inter
1094 1243 1211 1298 cratera
1224 1235 1272 1299 sic
1287 1236 1350 1299 ait:

517 1341 620 1394 Laudat
632 1345 660 1393 et
671 1341 787 1408 egregiae
798 1340 888 1393 tribuit
899 1358 948 1393 sua
959 1347 1019 1393 rota
1029 1341 1135 1412 rapinae.

375 1437 500 1502 Eodem
517 1437 614 1502 modo
629 1438 766 1521 Prosper
779 1437 813 1499 iu
828 1437 1125 1521 Epigrammatibus
1139 1436 1261 1501 cecinit
1275 1437 1401 1503 dicens:

518 1544 601 1597 Recta
612 1543 701 1597 rolens
712 1544 813 1597 animus
824 1544 928 1615 sapiens
940 1548 969 1596 et
980 1548 1080 1597 amator
1090 1544 1202 1597 honesti.

418 1645 461 1707 D.
485 1642 573 1716 Quid
587 1664 673 1725 ergo,
687 1663 895 1727 nunquamne
911 1642 1069 1724 Dactylus
1086 1642 1120 1705 in
1143 1640 1208 1707 fine
1227 1641 1423 1727 ponitur?-

372 1746 421 1809 Μ.
444 1747 555 1809 Potest
576 1744 706 1829 quidem
737 1756 771 1807 ut
796 1744 864 1807 vult
887 1743 1051 1823 Virgilius,
1072 1742 1131 1807 sed
1159 1764 1225 1807 nou
1246 1745 1281 1807 in
1304 1766 1344 1808 eo
1366 1746 1422 1829 qui

373 1861 506 1915 caeteros
521 1868 632 1910 omnes
647 1846 793 1930 dactylos
807 1845 924 1921 hubet;
949 1845 1045 1908 ueluti
1060 1844 1094 1907 in
1110 1845 1297 1926 Georgicis:

512 1952 569 2005 Aut
580 1968 685 2025 spumas
694 1952 803 2004 miscent
815 1951 916 2017 argenti
928 1951 1038 2019 viraque
1048 1949 1179 2022 sulphura,

372 2072 467 2135 quem
483 2048 613 2133 quidam
629 2049 822 2112 invertentes
838 2048 883 2111 sic
898 2048 1011 2130 legunt

866 2195 872 2209 .
891 2162 919 2209 et
930 2154 1053 2227 sulphura
1064 2156 1130 2209 riva

370 2256 493 2318 Rursus
507 2254 595 2317 idem
609 2254 692 2317 libro
707 2264 800 2317 sexto
815 2250 992 2317 AEueidos:

509 2360 558 2413 Bis
570 2361 661 2431 patriae
673 2359 790 2412 cecidere
803 2376 905 2423 marrus,
917 2360 981 2427 quin
991 2359 1110 2430 protinus
1121 2363 1217 2423 omnia,

368 2480 465 2543 quem
480 2456 611 2541 quidam
628 2478 684 2540 per
699 2456 919 2540 synaloepbam
932 2454 1121 2531 excludunt,
1130 2478 1190 2521 nec
1202 2458 1417 2541 intelligentes

367 2561 589 2643 synaloepham
619 2569 697 2623 tunc
721 2579 790 2621 esse
814 2578 888 2621 curu
911 2558 1040 2619 vocales
1062 2556 1200 2621 interae
1226 2562 1416 2643 confligunt,

367 2685 425 2728 seu
440 2664 529 2740 solae,
545 2662 590 2725 uti
606 2660 759 2745 Virgilius
773 2659 856 2723 libro
872 2660 939 2722 lV:

507 2769 595 2832 Quam
607 2775 635 2822 tu
647 2769 746 2832 urbem,
758 2783 838 2830 soror,
849 2766 917 2818 hane
929 2781 1028 2828 cernes,
1041 2781 1100 2834 ans
1111 2783 1219 2834 surgere
1230 2770 1326 2836 regna!

364 2871 410 2933 Et
425 2869 576 2932 Lucanus
590 2867 673 2931 libro
691 2867 736 2929 V:

505 2976 579 3028 Soeva
590 2977 664 3045 quies
675 2973 763 3046 pelagi
775 2979 921 3042 mustoque
932 2973 1028 3039 ignava
1040 2971 1179 3043 profundo:

364 3097 421 3138 seu
435 3069 624 3156 interposita
638 3083 845 3149 consonante,
859 3083 911 3134 ut:

506 3179 622 3247 Longius
633 3185 661 3232 et
672 3177 776 3232 volvens
788 3177 899 3231 satorum
911 3195 1006 3231 areana
1017 3181 1143 3234 movebo:

363 3279 450 3365 quod
470 3299 675 3363 nequaquam
693 3278 725 3341 iu
746 3275 902 3360 predicto
919 3276 1002 3339 libro
1018 3276 1122 3341 adseri
1144 3288 1268 3361 potest;
1292 3284 1412 3368 quippe

362 3382 527 3446 absolutus
543 3400 601 3463 pes
615 3388 664 3442 est
679 3379 798 3456 omnia,
813 3389 848 3440 ut
862 3377 894 3440 iu
911 3378 1096 3442 Bucolicis:

503 3485 599 3539 Omnia
610 3485 662 3538 sert
673 3491 738 3539 aas

501 3571 597 3625 Omnia
608 3571 688 3624 vincit
698 3587 779 3624 amor.

361 3671 475 3734 Posset
490 3668 599 3752 itaque
614 3687 724 3730 versus
742 3667 837 3730 etiam
853 3687 895 3729 ex
910 3665 1048 3749 dactylis
1063 3688 1123 3730 sex
1137 3677 1284 3732 constare
1299 3668 1324 3733 si
1340 3693 1407 3739 nro·

359 3771 458 3834 demo
470 3779 611 3851 ternpore
625 3767 750 3832 metrici
764 3787 832 3830 non
846 3765 1027 3843 refutarent,
1042 3767 1139 3830 veluti
1151 3788 1259 3832 versus
1274 3768 1328 3833 ille
1343 3784 1406 3835 est:

499 3873 605 3927 luteres
616 3879 706 3926 tenero
716 3872 783 3925 milri
795 3870 888 3924 bucula
900 3889 1006 3943 pascere
1018 3873 1149 3939 gramine:

359 3985 390 4038 et
404 3973 482 4037 alibi
494 3994 502 4033 ε

497 4079 536 4132 Ar
547 4080 610 4133 tuba
622 4078 763 4132 terribilem
775 4077 888 4130 sonitum
900 4077 987 4149 proenl
999 4078 1097 4131 excitat
1107 4078 1219 4132 hordeis.

400 4175 443 4240 D.
475 4175 645 4250 Quomodo
674 4176 724 4239 his
754 4174 906 4251 versibus,
937 4176 992 4259 qui
1029 4175 1159 4258 dactylo
1187 4177 1404 4260 terminantur,

355 4275 477 4339 metrici
489 4277 680 4341 vocabulum
692 4272 880 4338 indiderunt
886 4271 991 4336 ?-M.
1007 4272 1105 4357 Apud
1114 4277 1262 4341 metricos
1272 4281 1403 4365 quidem

354 4376 578 4460 hujuscemodi
593 4395 701 4439 versus
716 4374 896 4440 catalectici
910 4386 1147 4457 nuncupantur,
1163 4387 1215 4442 ut:

494 4482 587 4535 Sidera
597 4479 696 4552 pallida
707 4479 845 4547 defirgiunt
855 4477 912 4531 sace
924 4481 1015 4532 territa
1026 4479 1139 4548 luminis,

354 4579 397 4641 ita
412 4587 444 4642 et
458 4579 639 4662 superiores
655 4577 728 4641 diro.

871 4701 891 4744 a
