3759 5425
483 704 547 763 320
756 710 1164 767 urrsrousanscrucrusr,
1180 709 1252 755 arc.

481 866 538 933 sed
553 878 687 951 accepta
703 866 928 952 propositione
943 863 986 929 ad
1000 875 1114 929 neutra
1133 884 1206 948 pars
1227 859 1431 944 corruptione
1446 878 1531 922 care-

479 966 706 1053 bit'ameptus
734 967 933 1052 arrepticius,
961 966 1064 1049 arrigo
1094 964 1209 1042 arrexi,
1238 981 1351 1042 arrogo
1381 978 1532 1041 arrogans

481 1074 668 1157 arrogantia.
713 1071 842 1136 Transit
863 1080 897 1135 et
914 1069 949 1134 in
971 1089 1004 1147 n,
1019 1080 1055 1134 ut
1074 1088 1192 1147 annuo,
1207 1062 1481 1151 quemadmodum
1499 1062 1533 1124 in

480 1174 658 1260 proverbiis
672 1171 885 1238 inconstantis
899 1180 933 1235 et
946 1169 1062 1234 lubrici
1076 1169 1224 1253 passivus
1239 1174 1368 1230 notatur
1382 1166 1532 1229 obtutus:

482 1276 597 1342 annuit
611 1276 725 1353 oculis,
738 1275 813 1339 terit
826 1272 920 1358 pede.
965 1272 1119 1355 Virgilius
1132 1271 1167 1334 in
1182 1268 1326 1333 decimo:

623 1380 726 1433 Annuit
736 1385 765 1432 at
774 1383 858 1433 totum
868 1380 937 1431 nutri
946 1376 1091 1431 tremefecit
1102 1374 1251 1445 Olympum.

482 1480 629 1544 Mutatur
647 1476 860 1541 nihilominus
880 1474 916 1537 in
937 1475 954 1537 f
971 1472 1208 1549 semivocalem,
1228 1469 1364 1547 afflatur»,
1385 1470 1532 1543 effectus,

482 1580 610 1657 affixus,
624 1577 773 1656 affabilis,
787 1574 924 1653 afflatas,
938 1583 991 1639 ut:

623 1683 759 1753 Angelicis
770 1681 923 1737 emesae
933 1682 1012 1736 minis
1024 1680 1118 1735 affatur
1129 1680 1220 1735 asella.

482 1784 622 1850 Solvitur
646 1782 680 1846 in
706 1802 727 1863 g
750 1788 883 1857 mamm,
907 1790 944 1843 ut
970 1800 1118 1861 aggrego,
1147 1776 1323 1860 aggredior,
1353 1798 1534 1861 aggressus,

482 1904 601 1967 aggero
637 1893 796 1967 aggestus.
859 1880 953 1947 Unde
989 1900 1138 1963 aggerem
1174 1878 1313 1961 aggestis
1342 1878 1384 1942 de
1414 1879 1534 1943 fossato

480 1986 668 2051 sablonibus
689 1995 722 2048 et
740 1983 885 2048 collectis
898 1983 934 2047 in
949 1982 1114 2047 cumulum
1128 1980 1242 2063 glareis
1257 1978 1324 2043 dici
1339 1980 1535 2063 etymologia

481 2086 634 2163 declarat,
645 2085 730 2148 sicut
743 2084 924 2167 congeriem
938 2104 959 2147 a
974 2081 1187 2165 congerendo.
1217 2080 1346 2145 Transit
1361 2080 1534 2167 aliquoties

480 2188 514 2251 in
530 2208 573 2265 m,
584 2197 621 2250 ut
635 2205 803 2250 ammoneo
818 2185 1021 2263 ammonitus,
1033 2183 1254 2249 amminiculor
1267 2181 1535 2247 amminiculabor

481 2287 732 2354 amminiculum.
1637 2346 1638 2353 ,

525 2390 594 2457 Sub
614 2388 786 2474 praeposito
806 2388 972 2474 utriusque
992 2409 1086 2453 casus
1106 2387 1267 2452 interdum
1285 2388 1309 2451 b
1328 2388 1453 2451 literam
1474 2385 1532 2450 ad·
1637 2388 1638 2391 ’

481 2493 621 2570 mittens,
634 2491 669 2553 in
685 2510 756 2555 eum
772 2490 964 2554 convenitur
978 2511 1043 2575 qua
1065 2510 1205 2575 sequens
1224 2489 1322 2553 oritur
1339 2488 1531 2553 vocabulum

480 2615 539 2658 seu
553 2593 703 2657 verbum:
726 2600 782 2655 aut
800 2612 845 2654 ex
864 2602 1014 2675 comrpto
1034 2602 1067 2655 et
1086 2592 1212 2674 integro
1233 2602 1356 2675 partem
1378 2590 1533 2655 orationis

436 2741 440 2746 ι
480 2693 656 2781 componit,
673 2702 710 2757 ut
727 2692 877 2758 suffulcio
897 2694 1056 2774 suffultus,
1075 2690 1223 2772 suffodio,
1243 2713 1392 2777 suppono
1412 2715 1533 2778 suppo-

480 2796 600 2875 situria‚
615 2795 777 2876 suggestio
791 2815 927 2877 suggero
941 2797 1111 2878 suggessit.
1156 2795 1309 2878 Virgilius
1323 2795 1358 2858 in
1373 2794 1519 2860 decimo:

691 2897 968 2968 Suggeretelsmihi:

478 2996 596 3060 suffero
611 2996 730 3074 suffert,
744 3005 797 3059 ut:
822 2998 942 3060 Beatus
956 2996 1003 3059 vir
1016 2997 1074 3080 qui
1089 2999 1198 3062 suffert
1212 2997 1415 3062 tentationes.
1452 2997 1526 3062 Sui·
1637 2981 1638 3012 ³

477 3096 573 3175 fusio,
594 3105 647 3159 ut:
678 3095 732 3158 cui
754 3097 920 3161 oculorum
946 3099 1090 3177 suffiuio,
1112 3121 1208 3183 quam
1231 3100 1338 3165 Graeci
1360 3101 1531 3183 glaucoma

479 3196 602 3262 dicunt.
653 3196 846 3261 Summoveo
875 3209 1063 3278 summotus,
1088 3201 1232 3267 succubo
1261 3200 1432 3278 succubui,
1456 3223 1529 3266 suc-

478 3322 589 3368 cessus
603 3299 745 3365 succedo
759 3301 911 3366 succsssi.
957 3302 1128 3386 Virgilius:

832 3407 982 3462 Mezentius
993 3408 1086 3462 ardens

621 3493 855 3567 Succeditpugnae.

478 3613 640 3671 succurro,
669 3589 819 3670 succedo,
849 3591 1016 3675 succingo,
1046 3614 1225 3674 succresco,
1256 3597 1411 3675 succrevi,
1441 3598 1530 3682 plico

478 3693 639 3780 supplico,
667 3701 747 3776 puto
776 3703 927 3776 supputo,
956 3703 1033 3777 peto
1062 3706 1210 3779 suppeto.
1268 3697 1334 3760 Aut
1365 3709 1452 3763 certe
1485 3722 1530 3765 ex

478 3793 607 3859 duobus
625 3793 793 3875 corruptis,
809 3802 844 3857 ut
864 3795 1042 3878 supprimo,
1057 3796 1208 3876 sustineo,
1223 3797 1359 3873 sufficio,
1375 3801 1531 3884 suscipio,

478 3916 614 3981 quorum
628 3894 789 3980 primitiva
807 3895 932 3976 integra
951 3907 1026 3960 sunt
1046 3899 1107 3961 sub
1122 3907 1154 3961 et
1167 3919 1290 3982 premo,
1305 3899 1398 3979 facio,
1413 3905 1529 3987 capio;

477 3995 535 4062 sed
556 3996 589 4060 in
613 3995 845 4078 compositione
869 3996 1041 4078 figurarum
1062 4000 1096 4076 b,
1117 4021 1146 4076 e,
1166 4020 1186 4062 a
1204 4000 1238 4062 in
1262 4001 1342 4065 alios
1363 4002 1527 4069 literarum

477 4100 674 4164 characteres
699 4108 870 4162 vertuntur.
927 4101 1141 4166 Veruntamen
1167 4102 1237 4166 haec
1263 4103 1359 4167 verba
1383 4115 1528 4191 tempore

476 4200 619 4284 perfecto
643 4208 676 4263 et
699 4200 774 4284 plus
799 4221 894 4284 quam
920 4202 1063 4284 perfecto
1086 4224 1128 4266 ex
1151 4204 1308 4288 corruptis
1335 4215 1369 4269 et
1392 4206 1528 4292 integris
1637 4197 1638 4218 ¹

477 4311 723 4384 componuntur,
748 4311 783 4366 ut
808 4304 970 4387 suppressi
996 4325 1244 4389 suppresseram,
1269 4305 1405 4371 sustinui
1432 4312 1528 4374 susti·

476 4424 619 4479 nueram,
634 4403 746 4467 suffeci
761 4405 959 4482 suffeceram,
974 4407 1103 4490 suscepi
1117 4429 1329 4492 susceperam.

520 4502 572 4561 Ob
595 4502 780 4580 praepositio
803 4504 974 4566 accusativi
997 4526 1091 4568 casus
1113 4508 1301 4590 plerumque
1324 4511 1346 4571 b
1369 4522 1473 4576 mutat
1494 4514 1528 4577 in

850 5060 1498 5082 f&
1617 4931 1638 5082 l
