3759 5425
481 749 727 812 resonamus,
742 753 788 798 ur
801 751 962 812 unsrun,
978 752 1024 797 ns
1041 751 1097 797 nm
1111 751 1245 799 Jonrctr.
1337 738 1397 796 las

429 902 475 966 Et
488 903 598 969 viridis
611 907 721 970 laetum
737 916 860 987 gratum
875 906 1053 986 conflagrat
1067 926 1240 970 amoenum.

431 1003 498 1069 Hic
507 1005 598 1090 jacet
611 1007 732 1090 ingenti
747 1005 905 1070 radiatum
918 1007 1050 1070 luminis
1065 1027 1188 1082 aurum,

428 1105 474 1169 Et
487 1129 620 1172 nemora
634 1111 700 1172 alta
714 1119 826 1172 tenens
839 1109 967 1172 florenti
981 1108 1098 1171 vertice
1113 1108 1242 1183 coelnm,

429 1205 505 1270 Nox
520 1208 577 1273 ubi
589 1210 680 1274 nulla
694 1231 769 1273 suas
785 1208 929 1272 defendit
943 1218 1024 1272 tetra
1039 1209 1198 1286 tenebras,

428 1307 564 1391 Iraeque,
576 1310 797 1395 insidiae[que,
811 1311 930 1391 metus]
949 1311 1115 1394 pulsaeque
1131 1307 1273 1373 aliminc
1288 1329 1382 1384 curae,

427 1408 494 1472 Hic
508 1412 613 1476 malus
627 1412 780 1476 extremis
794 1412 946 1494 religatur
961 1412 1038 1474 exul
1052 1412 1087 1474 in
1103 1410 1181 1474 oris:

429 1510 561 1596 Hicqae
575 1515 651 1577 labo
666 1515 786 1577 veritus
800 1514 883 1578 lines
895 1514 1042 1578 habitare
1057 1514 1178 1576 beatos

428 1611 501 1676 lllic
516 1615 623 1698 prisca
638 1613 720 1679 fides
734 1616 838 1679 electa
851 1615 888 1678 in
902 1615 978 1678 sede
992 1613 1145 1698 quiescit;

421 1711 555 1779 Justitia
570 1716 714 1796 gaudens
729 1725 848 1780 aeterno
862 1716 896 1779 in
911 1715 1031 1780 soedere
1046 1715 1134 1794 vivit,

426 1812 472 1874 Et
486 1835 599 1879 secura
612 1818 700 1880 salus
714 1816 843 1901 placitis
856 1818 985 1881 laxatur
997 1818 1031 1880 in
1046 1816 1138 1880 arvis.

426 1913 491 1978 Hic
506 1917 692 2000 quicunque
706 1918 813 1981 bonus
828 1958 938 1980 .....
954 1917 1096 2001 bonique
1112 1918 1258 1992 colonus,

358 2032 362 2037 ”
426 2014 552 2099 Quique
568 2019 677 2083 Deum
692 2020 805 2082 metuit
819 2019 955 2083 innoxia
967 2030 1075 2084 mente
1090 2029 1235 2097 trement,

426 2118 532 2200 Atque
548 2140 623 2183 suos
639 2120 739 2184 coluit
753 2141 844 2185 sacra
857 2121 977 2205 pietate
991 2129 1152 2205 parentes,

424 2218 489 2282 Ant
501 2218 633 2304 inopem
648 2222 800 2307 quotiens
811 2224 928 2306 opibus
945 2224 1064 2287 solatus
1079 2223 1228 2296 amicum.

425 2316 469 2380 Et
483 2320 586 2383 coluit
599 2332 742 2386 sanctam
758 2344 882 2408 semper
896 2323 966 2387 sine
982 2323 1114 2386 crimine
1128 2323 1236 2398 vitam,

424 2419 529 2502 Atque
544 2423 703 2486 laboranti
719 2425 889 2508 qnisquam
903 2425 1052 2488 subvenit
1066 2423 1183 2499 amico,

424 2519 579 2605 Pauperis
593 2524 731 2609 adjutor,
745 2527 895 2590 solitusve
910 2526 1015 2588 fovere
1031 2525 1182 2610 pupillos.

423 2621 518 2688 Emit
532 2633 565 2688 et
578 2624 717 2703 nocitos,
731 2627 881 2690 subvenit
894 2626 1026 2690 crimine
1040 2625 1170 2708 pressis,

423 2724 681 2811 Hospitibusquc
696 2749 762 2792 suc
777 2727 889 2792 tribuit
903 2728 960 2811 qui
975 2747 1108 2790 munera
1122 2746 1251 2802 mensae,

422 2826 498 2889 Non
513 2827 655 2911 aliquem
669 2830 790 2904 nocuit,
806 2840 839 2895 et
848 2850 915 2893 non
930 2829 1036 2892 aliena
1050 2827 1182 2911 cupivit,

421 2928 474 2990 Illi
488 2930 670 2994 exultantes
686 2930 805 2995 divinis
818 2930 969 2995 laudibus
985 2950 1105 3006 omnes,

420 3029 620 3113 Orantesque
635 3032 730 3095 simul
746 3033 886 3096 referunt
899 3030 941 3095 ad
957 3030 1062 3095 sidera
1077 3051 1184 3105 voces,

421 3130 599 3195 Psallentes
614 3134 755 3197 Domino
770 3135 935 3198 celebrant
949 3152 1015 3217 prae
1030 3130 1146 3214 gandia
1158 3130 1283 3197 laudes.

421 3233 617 3318 Beatamque
632 3237 728 3301 vitam
743 3237 866 3300 nuntiis
882 3236 1107 3301 comitantibus
1120 3236 1223 3298 ibunt

420 3336 595 3421 Postquam
610 3338 681 3402 baec
696 3338 859 3402 Dominus
874 3337 981 3402 felicia
995 3336 1082 3401 dona
1096 3336 1229 3421 peregit,

416 3438 462 3500 Et
470 3438 577 3522 justos
590 3440 698 3523 potius
712 3441 747 3503 in
761 3450 881 3505 aeterna
896 3440 984 3503 dona
997 3440 1154 3522 premisit,

418 3542 472 3606 En
487 3544 667 3609 miseranda
682 3546 769 3610 venit
782 3547 898 3627 lugens
913 3566 973 3609 sua
986 3544 1119 3608 crimina
1133 3543 1236 3619 turba,

418 3643 463 3707 Et
478 3645 616 3726 gemitus
629 3655 765 3710 moerent
779 3646 918 3709 lacrimis
934 3644 1118 3708 ardentibus
1133 3664 1255 3723 omnes,

418 3746 654 3828 Testanturque
668 3766 728 3810 sua
740 3745 860 3808 crebris
873 3744 1050 3807 ululatibus
1065 3754 1151 3806 acta:

416 3846 580 3909 ffiarnmea
594 3867 650 3929 pro
664 3847 786 3910 meritis
799 3846 934 3909 infantia
949 3845 1012 3907 tela
1026 3853 1229 3907 tremescunt

415 3947 532 4030 Angeli
546 3948 801 4032 corripiuntjam
812 3947 892 4031 jam,
906 3946 1142 4029 prohibentque
1157 3946 1291 4028 precari,

414 4050 459 4111 Et
473 4047 646 4131 probibent
660 4070 746 4112 seras
760 4045 936 4131 penitendo
951 4045 1082 4109 tundere
1098 4063 1204 4123 voces,

414 4150 556 4232 Jamque
571 4168 703 4231 precum
719 4149 822 4225 venia,
837 4149 966 4211 flamma
980 4146 1138 4223 veniente,
1153 4156 1295 4227 negatur.

411 4250 443 4313 0
459 4248 586 4313 miseri!
611 4250 737 4334 quotics
751 4250 843 4313 vobis
858 4248 970 4312 divina
983 4258 1125 4331 potestas

412 4348 575 4415 Innotuit!
600 4352 726 4434 quoties
740 4352 890 4435 majestas
905 4350 1037 4431 cognita
1052 4347 1135 4413 veri!

409 4452 556 4517 Audistis
571 4454 704 4531 sonitus,
720 4453 845 4517 vidistis
860 4453 984 4535 fulguru
1000 4451 1085 4528 coeli,

408 4554 546 4619 Assiduc
560 4556 686 4638 pluvias
700 4566 865 4618 ventorum
881 4565 913 4618 ct
929 4553 1094 4635 grandinis
1109 4554 1170 4618 ira<
