3759 5425
693 707 736 752 oa
751 704 1111 751 mnursusvrnarsnu.
1370 687 1431 746 201

476 857 628 942 Limpida
640 859 798 922 lethiferis
812 877 1019 940 corrumpens
1034 876 1097 919 aera
1113 855 1253 932 venenis,

475 959 514 1021 ln
529 970 662 1033 tanturn,
677 972 713 1023 ut
727 960 813 1023 cives
827 969 916 1022 vasto
931 957 1107 1043 crepitante
1122 957 1271 1035 tumultu,

474 1062 634 1145 Linquere
644 1062 713 1145 jam
728 1062 862 1125 mallent
873 1063 1030 1145 pollutam
1044 1061 1174 1124 flatibus
1188 1060 1310 1132 urbem,

474 1163 579 1226 Exosi
592 1163 758 1241 latebram,
773 1185 837 1247 qua
851 1164 984 1226 horrens
998 1162 1092 1227 belva
1107 1162 1235 1225 latebat.

476 1264 540 1326 His
554 1263 651 1346 igitur
663 1264 788 1329 miseris
802 1263 941 1349 spondet
955 1263 1098 1328 Victoria
1113 1263 1213 1345 virgo,

473 1361 614 1427 Credula
627 1364 656 1426 si
670 1364 812 1428 Domino
828 1364 971 1449 pandant
985 1363 1162 1448 proecordia
1177 1362 1316 1442 Christo,

474 1461 596 1527 Lurida
608 1466 758 1549 pestifero
771 1467 953 1549 linquentes
968 1464 1057 1529 idola
1072 1467 1171 1545 cultu,

473 1564 521 1627 Ut
535 1561 623 1627 dicto
638 1564 735 1629 citius
749 1567 961 1628 truculentam
975 1563 1104 1629 flamine
1119 1585 1265 1648 gypsam,

475 1666 556 1738 Qum
571 1677 690 1730 turmas
704 1667 792 1749 vulgi
806 1668 964 1731 multabat
978 1678 1081 1749 strage
1097 1677 1239 1746 cruente,

474 1767 613 1831 Pelleret
626 1789 645 1831 e
659 1770 793 1852 populo,
808 1768 886 1832 dum
900 1769 1034 1832 mallent
1048 1767 1175 1832 credere
1191 1767 1329 1832 Christo.

474 1867 570 1941 Quod
584 1869 660 1932 dum
676 1867 873 1954 sponderent
887 1865 1041 1932 concordi
1057 1890 1135 1932 voce
1150 1879 1296 1944 catervre,

474 1969 568 2034 Illico
583 1971 819 2054 squamigerum
833 1971 998 2053 proturbat
1013 1969 1100 2051 virgo
1116 1969 1315 2053 chelydrum,

474 2072 520 2134 Et
533 2074 648 2155 procul
662 2073 696 2136 in
711 2092 831 2136 vacuas
839 2071 938 2155 jussit
952 2080 1075 2156 reptare
1091 2074 1241 2135 salebras.

475 2175 558 2239 Mox
573 2175 670 2240 draco
685 2175 824 2240 crudelis
838 2196 1020 2240 sermonum
1035 2177 1177 2260 pondere
1192 2197 1331 2261 pressus,

475 2275 603 2340 Deserit
616 2279 787 2341 obscurum
802 2298 974 2362 squamosa
988 2278 1074 2361 pelle
1088 2276 1237 2360 sigillum

476 2380 530 2444 Sic
544 2380 635 2462 virgo
650 2380 728 2445 felix
744 2382 866 2445 aethrali
881 2382 960 2446 freta
974 2381 1147 2465 triumpho,

476 2483 644 2564 Ingentem
658 2481 807 2567 explodit
820 2493 931 2546 sancta
946 2481 1061 2546 virtute
1076 2484 1254 2561 colubrum,

476 2583 522 2646 Ut
534 2603 700 2666 nunquam
715 2584 848 2648 ulterius
862 2605 994 2669 serpens
1008 2585 1195 2670 irrumperet
1209 2593 1345 2662 anuum,

477 2682 542 2748 Sed
556 2686 668 2770 procul
683 2684 861 2750 abscedens
875 2685 1006 2750 incultis
1020 2686 1132 2750 exulat
1146 2686 1241 2765 arvis,

475 2787 619 2851 Jusserat
632 2797 669 2851 ut
682 2809 815 2872 gypsam
832 2788 929 2852 verbo
945 2796 1080 2851 terrente
1095 2788 1240 2871 migrare,

476 2886 612 2953 Civibus
625 2888 816 2974 impendens
830 2889 969 2971 expulso
983 2889 1103 2952 natrice
1117 2891 1268 2973 palmam.

475 2989 568 3055 Tunc
584 2990 700 3073 rogitat
714 2993 801 3055 cives
816 2991 897 3055 felix
913 2992 1086 3055 vernacula
1099 2991 1230 3072 Christi,

477 3094 643 3165 Quatenus
656 3095 690 3157 in
707 3104 817 3178 crypta
830 3094 903 3169 sibi,
919 3095 1026 3157 natrix
1041 3080 1127 3158 unde
1142 3096 1299 3161 nefandus

476 3196 619 3278 Aufugit,
633 3197 751 3280 pariter
765 3196 939 3277 dignentur
954 3194 1092 3260 condere
1108 3198 1243 3262 cellam:

476 3298 559 3361 Mox
575 3296 756 3361 veneranda
770 3297 835 3360 Dei
849 3298 992 3379 supplex
1006 3307 1042 3359 ut
1057 3298 1145 3380 virgo
1160 3300 1319 3382 poposcit,

477 3398 613 3481 Insuper
626 3408 659 3462 et
673 3397 781 3461 decies
794 3418 889 3461 senas
898 3396 1038 3480 junxere
1052 3400 1189 3482 puellas,

477 3499 557 3571 Quae
571 3500 721 3583 precibus
736 3498 857 3563 crebris
870 3496 1039 3562 laudarent
1053 3519 1132 3563 voce
1146 3509 1320 3575 tonantem,

476 3600 565 3665 Odas
581 3600 756 3665 Davidicas
769 3599 972 3663 modulantes
987 3599 1127 3663 carmine
1143 3612 1256 3663 sancto

479 3704 573 3767 Tunc
587 3722 705 3785 procus
719 3701 888 3783 Eugenins
903 3700 1025 3763 delubri
1042 3700 1171 3763 flamine
1186 3700 1297 3777 fretus,

478 3804 675 3869 'I'hurilicare
685 3803 792 3887 jubet,
807 3821 986 3885 munusque
1001 3801 1113 3863 offerre
1128 3800 1252 3863 Dianae.

478 3908 574 3970 Alma
587 3906 645 3969 sed
658 3905 828 3989 imperium
843 3902 963 3986 sprevit
978 3902 1139 3984 complere
1154 3902 1339 3979 nefandum,

481 4007 610 4072 Idcirco
624 4007 804 4071 macheram
820 4006 930 4069 stricto
946 4024 1097 4067 mucrone
1112 4004 1258 4067 vibrabat

477 4108 625 4173 Crudelis
639 4118 740 4171 tortor
752 4104 918 4171 fundendo
933 4105 1054 4168 fluenta
1068 4116 1209 4183 cruenta,

477 4211 646 4293 Virgineus
661 4220 747 4273 artus
762 4227 953 4272 consecrans
969 4205 1124 4287 sauguine
1138 4205 1242 4268 rubro.

480 4312 562 4375 Mox
575 4312 761 4375 interlector
774 4309 874 4373 sensit
888 4306 1074 4371 discrimina
1087 4306 1213 4390 palmae,

479 4412 576 4476 Arida
590 4432 791 4477 marcescens
807 4410 883 4473 dum
900 4418 1003 4493 torpet
1019 4406 1134 4471 dextra
1148 4408 1267 4473 lacerti.

480 4515 616 4599 Insuper
630 4524 781 4597 expertus
796 4512 916 4579 calloso
932 4529 1063 4594 corpore
1079 4511 1211 4593 lepram,
