3759 5425
671 706 825 754 srrsrocs
841 710 885 753 sn
899 709 1074 765 rcracrurt,
1091 708 1162 753 nrc.
1379 690 1443 747 249

479 856 493 917 l
526 858 670 941 ncipiam
685 862 828 943 potiora:
852 863 902 925 sui
922 864 1013 925 Deus
1028 861 1117 926 arida
1131 882 1202 925 serv
1382 857 1397 919 l

477 954 504 1016 B
526 957 658 1039 elligere
674 957 838 1041 quondam
854 961 908 1044 qui
925 961 1011 1023 vires
1027 959 1157 1025 tradidit
1173 961 1212 1022 Io
1370 957 1399 1019 B

476 1060 505 1120 V
527 1060 631 1123 iscera
648 1061 793 1144 perpetui
808 1062 887 1125 roris
903 1062 929 1125 si
944 1063 1068 1146 repleat
1081 1062 1177 1126 heust
1369 1058 1400 1122 U

475 1160 498 1222 S
524 1160 604 1224 iccis
619 1181 694 1223 nam
708 1162 812 1225 laticis
827 1161 950 1226 duxisti
966 1163 1114 1227 cautibus
1127 1184 1222 1227 amne
1375 1159 1399 1221 S

478 1262 507 1324 0
528 1263 595 1339 lim,
611 1283 686 1325 cum
702 1284 824 1326 cuneus
838 1275 1038 1345 transgresso
1052 1285 1207 1327 marmore
1222 1264 1297 1326 rubr
1369 1261 1398 1323 0

478 1363 509 1424 D
525 1376 661 1426 esertum
677 1376 842 1447 penetrat:
867 1364 985 1428 cecinit
999 1363 1088 1449 qnod
1103 1364 1244 1427 carmine
1259 1362 1344 1425 Davi
1356 1362 1399 1425 D.

477 1466 505 1527 A
528 1485 582 1527 rce
597 1464 665 1548 poli
681 1466 804 1546 genitor
818 1488 925 1530 servos
941 1468 998 1552 qni
1014 1469 1132 1531 saecula
1147 1476 1247 1531 cunct
1369 1464 1398 1526 Α

478 1568 500 1629 S
527 1568 631 1667 nivere
642 1567 711 1651 jam
727 1569 883 1632 scelerum
898 1590 1002 1633 noxas
1019 1569 1152 1649 dignare
1168 1566 1308 1631 nefanda
1365 1565 1398 1629 S.

679 1760 700 1804 Ι.
716 1760 897 1806 AEMGMATA
915 1762 1153 1807 TETRASTICHA.

806 1858 832 1915 l.
848 1854 900 1918 De
915 1862 1015 1917 terra.

477 1953 582 2016 Altrix
599 1966 799 2032 cunctorum,
815 1976 897 2039 qnos
912 1953 1052 2019 mundns
1067 1966 1172 2037 gestst
1185 1957 1218 2019 in
1236 1957 1323 2033 orbe,

480 2055 669 2140 Nuncupor,
685 2067 718 2119 et
733 2058 862 2135 merit03
886 2058 963 2141 qnia
977 2079 1141 2141 nunquam
1157 2059 1291 2142 pignora
1306 2069 1428 2121 tantum

479 2157 630 2239 Improba
647 2157 693 2220 sic
709 2158 853 2221 lacerant
867 2169 1026 2221 maternas
1042 2158 1138 2222 dente
1152 2160 1312 2243 papillas;

478 2258 571 2320 Prole
587 2257 691 2321 virens
706 2270 827 2335 aestate,
844 2261 1012 2323 tabescens
1026 2273 1170 2344 ternpore
1184 2261 1314 2323 brumae.

818 2367 848 2423 9.
865 2364 916 2426 De
930 2370 1031 2425 screto.

480 2459 617 2525 Cernere
633 2484 683 2525 me
698 2463 778 2526 nulli
795 2473 943 2546 possunt,
957 2483 1019 2527 nec
1034 2462 1190 2547 prendere
1205 2459 1338 2545 palmis:

479 2566 633 2645 Argutum
651 2564 739 2626 vocis
754 2564 909 2649 crepitum
924 2566 991 2628 cito
1008 2563 1117 2647 pando
1134 2585 1191 2646 per
1204 2566 1321 2627 orbem.

480 2664 612 2729 Viribus
627 2665 803 2729 horrisonis
819 2667 909 2730 valeo
925 2666 1124 2748 confringere
1139 2685 1296 2750 quercus3

481 2765 565 2828 Nam
581 2787 714 2850 superos
729 2787 788 2849 ego
804 2768 899 2852 pulso
914 2767 1017 2850 polos,
1033 2778 1065 2829 et
1079 2786 1150 2828 rura
1165 2787 1309 2848 peragro.

804 2882 834 2940 8.
852 2880 903 2940 De
918 2875 1010 2939 nube.

482 2985 660 3048 Versicolor
676 2985 802 3068 fugiens
817 2987 934 3050 coslum
951 2996 1131 3068 terramque
1147 2985 1311 3068 relinquo:

480 3089 556 3151 Non
571 3089 683 3152 tellure
698 3090 790 3152 iocus
806 3088 896 3168 mihi,
912 3109 978 3152 non
992 3089 1026 3151 in
1041 3098 1131 3170 parte
1145 3089 1294 3171 polorum
1309 3101 1366 3152 est.

480 3187 624 3251 Exilium
639 3190 748 3254 nullus
763 3189 861 3253 modo
875 3201 940 3253 tam
956 3188 1086 3254 crudele
1103 3200 1247 3252 veretur:

480 3288 546 3353 Sed
560 3290 698 3354 madidis
715 3290 869 3354 mundum
887 3292 1002 3355 faciam
1017 3289 1220 3354 frondescere
1236 3289 1344 3369 guttis.

803 3403 833 3458 4.
850 3397 902 3457 De
916 3402 1050 3457 notura.

480 3493 585 3558 Crede
601 3495 691 3572 mibi,
707 3516 755 3558 res
770 3497 860 3559 nulla
874 3508 984 3558 manet
997 3494 1065 3557 sine
1080 3515 1131 3556 me
1146 3492 1350 3555 moderante:

480 3596 524 3659 Et
539 3597 674 3659 frontem
690 3597 870 3680 faciemque
885 3616 989 3659 meam
1004 3595 1062 3656 lux
1078 3594 1169 3656 nulla
1185 3592 1316 3656 videbit.

482 3700 561 3772 Quis
576 3701 679 3764 nescit
694 3700 815 3764 ditione
832 3721 903 3763 mea
918 3719 1064 3762 convexa
1079 3697 1172 3760 rotari

479 3803 552 3864 Alta
567 3801 644 3884 poli,
660 3801 808 3885 Solisque
818 3801 926 3885 jubar,
941 3801 1107 3883 Lunaeque
1124 3795 1268 3862 meatus?

654 3917 685 3973 ὁ.
701 3913 754 3977 De
770 3911 864 3974 Iride
879 3911 928 3972 vet
942 3929 1023 3971 arcu
1038 3911 1169 3971 coelesti.

480 4021 689 4085 'liraumantis
704 4021 811 4105 proles
827 4020 1003 4106 priscorum
1019 4018 1136 4081 famine
1151 4017 1269 4099 fingor:

481 4124 540 4186 Ast
554 4143 615 4202 ego
630 4123 731 4204 prima
747 4120 810 4184 mei
825 4120 950 4202 generis
963 4118 1144 4182 rudimenta
1158 4130 1311 4181 retexam.

481 4225 556 4288 Sole
571 4224 689 4287 rubens
705 4223 831 4304 genitus
846 4242 916 4283 sum
932 4231 1024 4302 partu
1040 4220 1136 4282 nubis
1150 4239 1299 4302 aquosoe:

480 4325 596 4388 Lustro
612 4325 704 4407 polos
720 4323 851 4408 passim,
866 4323 954 4383 solos
968 4342 1032 4381 non
1049 4319 1171 4382 scando
1185 4341 1244 4402 per
1258 4330 1391 4384 austros.
