3759 5425
648 744 690 788 na
706 743 870 790 muninus
885 745 1120 792 vrnsrurrarrs.
1362 736 1402 792 75

349 897 457 960 cultus
474 905 534 974 est,
551 917 648 979 quam
670 916 802 979 quarum
823 895 928 979 pudor
949 896 1021 960 vilis
1044 909 1102 962 est.
1148 901 1186 962 ln
1201 900 1402 983 Apocalypsi

348 997 467 1060 mulier
479 996 536 1060 illa
549 996 668 1060 amicta
681 1005 748 1060 erat
761 997 861 1080 pallio
876 1018 1038 1080 purpureo
1060 1008 1093 1063 et
1111 1000 1264 1064 coccineo
1279 999 1403 1080 lirgiant

346 1106 446 1161 castae
460 1095 599 1178 virgines
613 1105 646 1160 et
659 1094 789 1178 pudicae
807 1095 1000 1160 incestarum
1021 1098 1138 1174 cultus,
1153 1098 1282 1163 habitus
1297 1098 1401 1182 impu·

347 1198 505 1274 dicatum,
532 1198 682 1280 luparum
715 1199 866 1280 insignia,
894 1209 1080 1264 ornamenta
1112 1199 1333 1278 meretricum
1370 1213 1403 1264 et

347 1299 446 1364 alibi:
481 1298 654 1377 Caeterum,
674 1300 798 1384 inquit;
829 1301 863 1364 si
882 1312 917 1365 tu
944 1311 975 1366 te
1000 1303 1219 1386 sumptuosius
1242 1325 1351 1367 comas
1371 1313 1404 1368 et

345 1421 405 1484 per
428 1401 596 1485 publicum
620 1402 803 1466 notabiliter
827 1403 971 1482 incedas,
994 1405 1105 1468 oculos
1130 1404 1165 1466 in
1190 1414 1220 1468 te
1241 1405 1399 1490 juvenum

222 1528 226 1539 =
343 1500 474 1576 illicias,
499 1502 636 1585 suspiria
659 1501 900 1566 adolescentum
926 1513 1001 1589 post
1027 1514 1058 1568 te
1084 1504 1201 1582 trahas,
1227 1506 1399 1589 concupis·

346 1602 445 1667 cendi
467 1602 636 1666 libidinem
662 1603 795 1681 nutrias,
815 1605 966 1687 sperandi
991 1605 1133 1669 fomenta
1155 1605 1344 1685 succendas,
1367 1618 1403 1672 ut
1447 1650 1462 1668 .

347 1705 409 1767 etsi
423 1704 496 1786 ipsa
508 1723 575 1765 non
595 1723 719 1786 pereae,
735 1703 816 1768 alios
837 1717 945 1770 temen
967 1705 1092 1788 perdas,
1107 1715 1139 1770 et
1153 1707 1239 1770 velut
1258 1706 1402 1788 gladium

346 1821 378 1870 te
403 1817 437 1869 et
462 1827 622 1869 venenum
644 1805 827 1870 videntibus
848 1809 1017 1888 exhibeas,
1038 1810 1185 1874 excusari
1210 1829 1275 1872 non
1297 1821 1402 1893 potes,

349 1909 443 1993 quasi
466 1919 574 1972 mente
597 1919 687 1973 casta
706 1910 751 1973 sis
772 1921 804 1974 ct
824 1909 959 1994 pudica;
982 1909 1141 1994 redarguit
1162 1922 1193 1974 te
1216 1910 1324 1974 cultus
1344 1911 1402 1974 im·

348 2008 472 2092 probus
493 2020 527 2071 et
547 2007 731 2093 impudicus
752 2023 892 2088 ornatus,
914 2031 975 2074 nec
1003 2011 1181 2094 computari
1201 2010 1271 2094 jam
1297 2020 1404 2094 potest

349 2111 432 2172 inter
454 2108 597 2189 virgines
620 2109 752 2189 Christi,
778 2131 851 2193 quae
880 2112 928 2176 sic
958 2113 1035 2176 vivit
1059 2123 1095 2175 ut
1123 2111 1225 2195 possit
1252 2109 1403 2176 adamari.

350 2210 524 2274 Hactenus
548 2211 748 2294 Cyprianus:
782 2213 939 2296 Nunquid
964 2214 1019 2277 ille
1048 2212 1195 2278 conditor
1219 2233 1258 2276 ac
1280 2221 1404 2278 creator

349 2314 495 2376 omnium
510 2313 603 2375 Deus
617 2311 753 2375 hirsutas
766 2313 933 2377 bidentum
949 2314 1039 2378 lanas
1061 2327 1092 2378 et
1114 2324 1221 2378 setosa
1234 2333 1401 2377 vervecum

348 2416 477 2490 vellera,
498 2435 565 2476 non
590 2414 696 2498 potuit
715 2417 812 2479 rubro
835 2416 988 2480 conchilii
1010 2416 1165 2500 sanguine
1191 2423 1248 2478 aut
1270 2423 1403 2478 cruento

350 2518 573 2582 bacciniorum
593 2538 691 2581 succo
712 2519 853 2597 inficere,
872 2541 928 2583 seu
950 2531 1046 2598 certe,
1065 2518 1233 2603 purpureis
1256 2518 1402 2581 tincturae

349 2620 524 2684 muricibus
544 2620 727 2682 naturaliter
750 2623 902 2696 colorare,
917 2623 945 2684 si
959 2622 1021 2684 hoc
1044 2620 1161 2684 nostris
1183 2619 1294 2682 usibus
1317 2640 1403 2684 com·

350 2722 481 2785 modum
512 2732 545 2784 et
574 2720 705 2784 utilitati
733 2722 934 2806 profuturum
961 2722 1069 2785 solerti
1095 2718 1297 2803 prescientia
1321 2740 1403 2802 prse-

350 2824 489 2901 vidisset,
512 2834 549 2886 ut
574 2822 656 2885 illud
679 2826 830 2889 veraciter
853 2826 1014 2907 impletur,
1037 2820 1124 2908 quod
1144 2840 1202 2905 per
1224 2820 1403 2885 Ironiama

352 2926 451 2990 Poeta
465 2925 617 2989 foeliciter
631 2937 758 2989 cautum
774 2937 839 2990 est:

562 3052 622 3106 Nec
633 3056 717 3107 varios
728 3055 810 3108 discet
821 3056 926 3108 mentiri
937 3055 999 3109 lana
1010 3054 1121 3109 colores:

561 3140 623 3211 lpse
635 3141 681 3193 sed
693 3143 720 3193 in
732 3143 814 3213 pratis
825 3143 894 3194 aries
901 3143 959 3214 jam
971 3160 1051 3197 suave
1061 3143 1164 3196 rubenti

563 3225 675 3290 Murice,
682 3228 740 3299 jam
750 3245 839 3279 croceo
851 3228 962 3281 mumut
973 3227 1069 3281 vellera
1077 3227 1141 3292 luto,

562 3312 659 3382 Sponte
670 3328 717 3364 sua
728 3313 822 3364 sandix
834 3318 969 3384 pascentes
980 3314 1074 3367 vestiet
1085 3330 1176 3383 agnos.

350 3438 393 3500 Et
414 3438 506 3521 quasi
529 3436 584 3499 ille
606 3433 647 3497 de
670 3455 734 3518 quo
749 3432 871 3497 dictum
887 3442 955 3511 est,
994 3434 1058 3505 Qui
1081 3433 1157 3496 virit
1179 3430 1214 3492 in
1241 3438 1404 3505 eremum,

351 3540 468 3602 creavit
496 3536 608 3600 omnia
636 3535 741 3611 simul,
770 3556 844 3598 cum
878 3533 1032 3597 conderet
1065 3535 1175 3597 orbem
1206 3531 1403 3613 originaliter

352 3666 457 3709 creare
476 3642 667 3726 nequiverit.
713 3640 810 3703 Nunc
832 3642 1012 3704 mortalium
1038 3638 1195 3702 industria
1217 3636 1342 3699 stolidis
1364 3654 1402 3698 ac

350 3746 521 3829 superfluis
536 3742 800 3808 adinventionum
815 3742 1011 3824 argumentis
1027 3740 1142 3803 addere
1159 3746 1191 3801 et
1206 3736 1404 3820 amplificare

352 3845 534 3911 contendet
590 3842 686 3907 Unde
715 3842 856 3924 inclytus
885 3844 963 3905 item
994 3841 1176 3925 Cyprianus
1210 3837 1405 3903 Punicorum

352 3947 501 4011 Pontifex
527 3944 653 4028 inquit:
688 3945 804 4027 Neque
829 3945 916 4006 enirn
936 3944 1028 4006 Deus
1050 3942 1230 4019 coccineas,
1253 3948 1308 4003 aut
1330 3960 1404 4022 pur-

352 4068 467 4131 pureas
479 4068 556 4110 oves
569 4042 659 4121 fecit,
673 4053 730 4108 aut
742 4044 913 4107 herbarum
928 4044 1033 4107 succis
1044 4053 1077 4105 et
1088 4039 1258 4105 conchiliis
1273 4040 1407 4122 tingere,

354 4161 386 4213 et
409 4150 553 4212 colorare
575 4148 666 4209 lanas
688 4144 807 4209 docuit.
854 4146 938 4207 Nam
965 4144 1128 4227 quippiam
1150 4142 1311 4203 interum
1331 4140 1405 4203 visi·

353 4252 466 4315 bilium
489 4250 628 4333 plastica
651 4248 799 4311 humanae
821 4259 943 4309 naturae
966 4243 1180 4309 necessarium
1204 4241 1405 4323 omnipoten-

354 4362 418 4415 tem
446 4350 617 4434 reliquisse
642 4347 797 4411 infectum
820 4358 853 4409 et
875 4346 1097 4428 imperfectum
1124 4342 1300 4407 Catholicae
1331 4342 1407 4407 fidei

354 4454 463 4536 regula
484 4453 659 4533 refragetur
671 4472 679 4526 ς
709 4447 767 4513 sed
789 4447 867 4532 quid
890 4448 1015 4521 mirum,
1038 4446 1066 4509 si
1088 4445 1315 4528 Apostolorum
1336 4465 1406 4507 ora·

356 4555 430 4619 cula
455 4563 489 4617 et
508 4550 769 4639 jurisperitorum
794 4551 874 4613 scita
899 4548 1045 4631 praelatas
1071 4546 1252 4611 frivolorum
1281 4545 1407 4609 noenias
