3759 5425
454 751 518 811 ³60
679 764 755 810 vrra
770 766 948 813 aunuatim
964 768 1096 815 ramore
1110 769 1271 815 sumena

457 936 497 981 ex
513 916 647 981 dirersis
661 920 804 1002 partibus
818 920 990 985 multitudo
1006 923 1260 1005 congregabatur
1273 918 1437 981 maxima:
1453 916 1510 979 cui

456 1019 552 1081 Pater
575 1018 648 1097 iste,
674 1023 901 1104 Apostolorum
930 1023 1082 1099 imitator,
1107 1034 1199 1087 extra
1222 1022 1334 1084 urbem
1357 1017 1511 1081 veniebat

457 1120 605 1195 obriam3
636 1143 674 1185 ac
701 1144 798 1207 super
820 1134 950 1207 pontem
974 1124 1089 1187 stando
1111 1122 1232 1187 tamdiu
1254 1120 1362 1183 divina
1385 1118 1511 1182 submi-

457 1222 613 1285 nistrabat
633 1222 762 1305 pabula,
785 1244 849 1307 quo
872 1222 1002 1307 quidam
1025 1244 1145 1302 eorum,
1165 1244 1221 1307 per
1244 1220 1326 1285 servi
1351 1218 1404 1283 sui
1426 1237 1511 1300 opus

459 1322 570 1386 divina
584 1321 781 1387 concedente
796 1326 907 1407 gratia,
918 1346 976 1408 pro
992 1327 1110 1407 quibus
1125 1334 1277 1388 venerant
1290 1322 1512 1403 relinquentes

459 1425 500 1489 ad
515 1436 643 1509 tempus
655 1426 873 1501 mercimonia,
887 1425 928 1489 ad
949 1438 1131 1489 sanctorum
1150 1426 1238 1488 hunc
1258 1432 1373 1507 sponte
1394 1440 1511 1503 seque·

459 1528 576 1591 bantur
589 1536 700 1591 sancta
713 1526 824 1605 ovilia3
848 1528 962 1611 sieque
974 1528 1007 1590 in
1021 1528 1159 1591 ecclesia
1172 1521 1386 1610 persistendo,
1397 1528 1512 1583 saneta

457 1640 637 1692 reverenter
650 1629 876 1691 auscultabant
890 1630 1015 1691 officia:
1038 1639 1114 1712 post
1126 1629 1208 1705 haee,
1222 1634 1352 1709 peracto
1366 1641 1427 1705 pro
1442 1640 1511 1704 quo

459 1742 611 1793 venerant
635 1730 774 1812 negotio,
795 1729 995 1812 repedabant
1020 1730 1061 1793 ad
1087 1729 1225 1813 propria,
1248 1724 1418 1789 animabus
1444 1721 1511 1785 suis

460 1830 567 1894 divino
581 1832 670 1914 prius
685 1831 789 1894 officio
804 1831 968 1913 saginatis.

504 1934 584 1998 Car.
599 1935 645 1996 Il.
668 1936 749 1996 Acta
767 1934 889 1997 Rome:
916 1934 994 1997 lt'brt'
1015 1934 1057 1997 od
1078 1934 1221 1997 Aldelmo
1234 1928 1509 2011 scripti-Hunc

459 2046 563 2098 autem
575 2036 609 2096 in
622 2045 709 2097 tanta
719 2037 940 2117 persistentem
956 2038 1032 2101 boni
1046 2038 1151 2120 operis
1166 2032 1411 2119 perseverantia,
1420 2032 1508 2112 Apo·

458 2131 1510 2221 stolicaesedissummusPontilex,maguaesanctitatisvirSergius,

458 2238 633 2313 asciverat3
655 2235 732 2320 quia
745 2238 803 2300 etsi
825 2239 921 2321 longe
937 2241 1076 2324 positum
1099 2243 1205 2324 ampla
1228 2250 1378 2301 terrarum
1394 2236 1512 2319 spatia,

459 2338 622 2424 scopulosi
643 2351 781 2415 montes,
803 2342 964 2404 scabrosae
986 2345 1085 2407 valles
1107 2350 1290 2426 separarent
1308 2351 1341 2401 et
1361 2358 1510 2422 aequom

459 2444 530 2506 haec
553 2452 657 2505 tamen
680 2462 753 2524 qum
775 2440 921 2515 dicimus,
937 2455 969 2505 et
990 2446 1090 2507 multa
1112 2464 1184 2526 quae
1205 2443 1296 2525 lapsa
1317 2462 1337 2503 a
1358 2439 1512 2502 memoria

460 2544 562 2625 stylus
580 2562 647 2604 non
669 2542 839 2624 perorabit,
856 2541 897 2604 de
919 2563 959 2604 eo
981 2564 1124 2626 persaepe
1139 2540 1291 2605 audierat.
1336 2540 1421 2602 Mox
1435 2559 1511 2601 vero

461 2654 497 2707 ut
509 2654 639 2707 sanctus
660 2643 739 2705 tenti
760 2643 861 2727 patris
874 2644 1096 2728 Romanaeque
1117 2645 1214 2708 cutim
1234 2642 1355 2706 monita
1377 2640 1510 2714 audivit,

459 2747 521 2808 iter
548 2745 692 2828 arripuit,
715 2746 861 2829 quamvis
889 2746 1037 2825 arduum,
1066 2746 1186 2829 ingenti
1215 2743 1345 2829 quidem
1375 2743 1512 2806 refertus

459 2849 578 2926 laetitia,
601 2847 676 2931 quia
706 2848 861 2910 successit
886 2847 915 2909 ei
947 2869 1044 2911 causa
1073 2847 1258 2930 Principum
1282 2845 1511 2927 Apostolorum

460 2949 566 3012 ridere
590 2950 645 3013 diu
671 2947 852 3012 desiderata
878 2948 1010 3026 limiua;
1042 2948 1155 3012 dolens
1180 2968 1265 3024 vero,
1287 2944 1376 3030 quod
1398 2946 1446 3008 rel
1467 2943 1512 3007 ad

460 3062 586 3133 tempus
608 3070 761 3131 corporeo
783 3050 919 3113 termino
949 3061 1038 3112 tanta
1059 3049 1261 3132 relinquebat
1281 3047 1412 3110 fratrum
1434 3067 1513 3111 cou-

460 3151 565 3214 sortia.
613 3152 658 3214 Ut
679 3163 784 3213 autem
808 3152 856 3215 vir
875 3151 1124 3236 pretiosissimus
1146 3153 1284 3214 Romam
1305 3149 1404 3222 venit,
1422 3150 1512 3212 laeta-

460 3251 591 3315 bundus
612 3273 671 3336 pro
693 3263 822 3336 peracta
843 3254 1035 3330 obedientia,
1058 3255 1126 3318 sine
1149 3275 1213 3336 qua
1234 3252 1435 3337 impossibile
1463 3261 1514 3314 est

463 3351 600 3437 alicujus
630 3353 769 3417 animam
798 3375 940 3439 uuquam
971 3375 1067 3438 posse
1098 3355 1223 3429 salvari,
1247 3353 1426 3437 Apostolici
1455 3351 1514 3414 viri

463 3453 639 3518 honorifice
667 3466 817 3538 receptus
846 3456 1021 3540 colloquio,
1047 3466 1079 3519 et
1107 3476 1166 3540 pro
1190 3455 1271 3517 velle
1299 3453 1332 3516 in
1363 3454 1514 3517 omnibus

462 3558 550 3620 illius
565 3566 695 3640 propter
708 3557 941 3621 inhabitantem
963 3559 1096 3641 gratiam
1112 3558 1175 3621 Dei
1191 3580 1269 3622 usus
1289 3559 1514 3637 contubernio,

464 3659 624 3723 beneficio
652 3658 770 3720 nostris
792 3661 989 3742 temporibus
1018 3658 1162 3722 inaudito
1192 3659 1401 3723 decoratura
1430 3661 1515 3737 Deo,

466 3762 518 3824 cui
534 3783 568 3824 se
584 3759 696 3822 devote
718 3759 869 3836 dederat3
892 3782 957 3844 quo
976 3761 1112 3842 magistr
1128 3771 1216 3824 tanto
1232 3759 1389 3824 Pontifice
1410 3759 1513 3823 omni-

466 3883 530 3943 que
559 3861 680 3943 populo
707 3871 915 3923 veneraretur.
960 3861 1019 3922 Vir
1048 3861 1166 3944 quippe
1195 3860 1366 3925 laudabilis
1391 3882 1515 3940 secum,

467 3983 659 4046 quocunque
688 3962 767 4038 ibat,
797 3973 832 4023 ut
868 3960 1057 4046 adimpleret
1093 3962 1156 4025 sibi
1192 3961 1362 4025 commissa
1397 3962 1515 4040 officia,

467 4065 654 4129 vestimenta
668 4063 886 4128 Sacerdotalia
900 4061 1079 4127 deferebat!
1119 4065 1245 4138 Quibus
1259 4065 1290 4127 in
1308 4063 1515 4127 Laterauensi

469 4181 503 4234 ut
532 4179 729 4232 sacramenta
757 4171 883 4232 offerret
912 4169 1113 4252 Presbyterio
1142 4168 1286 4244 indutuS,
1315 4168 1516 4252 subsequens

467 4272 654 4335 miraculum
684 4281 847 4334 ostensum
869 4280 917 4333 est
938 4271 1097 4333 omnibus.
1141 4270 1232 4334 Juste
1255 4282 1288 4334 et
1308 4270 1362 4353 pie
1384 4283 1516 4356 peracto

469 4374 579 4437 Missae
595 4371 714 4448 officio,
725 4370 904 4454 eodemque
920 4371 1071 4433 ministris
1086 4373 1154 4434 suis
1167 4372 1347 4454 porrigente
1363 4375 1516 4453 casulam,

468 4473 685 4534 indubitanter
699 4471 743 4532 ibi
765 4472 956 4553 praesidente
980 4472 1094 4536 divine
1110 4473 1283 4557 majestatis
1304 4475 1516 4556 potentiaque

469 4567 600 4629 firmiter
621 4579 653 4628 et
674 4580 856 4633 constanter
878 4573 954 4634 solis
974 4572 1063 4635 radio
1083 4573 1248 4656 pependit,
1267 4597 1303 4638 ac
1328 4577 1353 4638 si
1376 4577 1516 4660 alicujus
