3759 5425
781 691 823 737 DE
840 691 1003 736 tnuomns
1018 691 1197 737 vincutum.

549 842 655 905 Nitria
669 843 830 927 purgavit,
845 844 928 906 sicut
941 846 1133 928 corpuscula
1146 846 1232 908 nitro

549 942 707 1006 Sordibns
721 955 901 1028 expurgata
917 945 1022 1020 malis,
1036 954 1069 1008 et
1082 946 1150 1007 lota
1162 946 1336 1010 nitescunt.

549 1045 614 1108 Hic
631 1043 792 1128 quondam
809 1045 943 1109 offendit
957 1059 1135 1128 turgentem
1151 1059 1296 1130 tempore
1310 1047 1437 1121 Nilum,

549 1146 612 1218 Qui
628 1147 778 1210 loecunda
792 1148 873 1229 rigat
888 1147 1006 1211 tlustris
1020 1148 1236 1233 Memphitica
1249 1167 1356 1229 regna.

550 1247 634 1310 Nam
651 1251 781 1311 transire
797 1251 906 1312 volens
922 1259 1033 1332 optata
1043 1248 1137 1313 lintre
1151 1250 1297 1314 carebat:

547 1347 613 1412 Sed
629 1351 766 1433 spoliare
782 1359 867 1412 uetat
882 1371 1009 1414 carnem
1024 1349 1219 1414 verecundia
1232 1350 1345 1413 frontis

548 1450 690 1533 Corpore
704 1471 746 1514 ne
760 1449 848 1514 nudo
864 1461 1031 1515 temeraret
1039 1452 1113 1536 jura
1125 1450 1267 1536 pudoris

547 1551 631 1614 Tum
647 1549 735 1614 dicto
749 1552 844 1616 citius
860 1562 1046 1635 spumantes
1060 1551 1151 1616 litore
1165 1552 1316 1637 lymphas

548 1651 709 1732 Penniger
723 1663 759 1715 ut
773 1673 898 1736 praepes
913 1652 1096 1717 transfertur
1110 1654 1237 1718 coelitus
1250 1654 1342 1732 ultra,

549 1753 683 1817 Pisciier
696 1764 732 1817 ut
746 1751 868 1817 dudum
882 1753 1036 1817 momenti
1051 1766 1193 1838 ternpore
1207 1763 1295 1818 rates

547 1855 704 1935 Angelico
718 1863 811 1938 raptu
825 1856 982 1919 lustrabat
996 1855 1143 1921 Chaldea
1155 1876 1265 1938 regna,

548 1957 594 2021 Ut
608 1977 735 2020 remum
751 1957 884 2020 Domini
900 1958 1057 2022 nutrirent
1070 1959 1213 2022 crustula
1227 1958 1327 2021 farris.

547 2059 636 2122 Ecce
652 2080 731 2142 puer
746 2057 877 2143 quidam
892 2058 1052 2123 laceratus
1066 2059 1161 2123 dente
1175 2060 1316 2137 molossi,

547 2161 651 2244 Atque
667 2171 822 2224 venenato
837 2179 1009 2244 perpessus
1024 2161 1155 2224 vulnera
1168 2161 1261 2236 rictu,

546 2261 687 2324 Vertitur
699 2262 732 2325 in
749 2261 869 2325 rabiem
885 2260 1048 2326 fraudatus
1061 2273 1168 2326 mente
1184 2259 1305 2345 sagaci:

548 2362 661 2426 Ferrea
676 2383 773 2447 quem
789 2363 908 2427 strictis
923 2364 1096 2428 nectebant
1108 2364 1214 2427 vincta
1229 2364 1363 2441 catenis,

547 2463 732 2526 Bacchatur
746 2464 897 2548 quoniam
914 2463 1113 2546 vagabundis
1127 2465 1277 2547 passibus
1291 2485 1412 2528 amens.

548 2563 675 2630 ldcirco
690 2566 789 2648 prolis
804 2567 956 2630 luxerunt
970 2567 1036 2630 fata
1050 2577 1209 2650 parentes,

545 2665 591 2730 Et
606 2665 787 2731 veneranda
802 2678 916 2752 petunt
930 2667 1044 2731 flentes
1058 2667 1187 2731 oracula
1202 2667 1323 2731 sancti:

547 2768 593 2832 Ut
606 2768 715 2832 miseri
730 2769 865 2848 cladem,
879 2782 912 2833 et
926 2771 1043 2833 vulnus
1058 2781 1184 2835 sanaret
1197 2771 1357 2836 acerbum.

547 2871 650 2943 Quem
666 2874 814 2936 consulta
828 2872 934 2936 ferunt
948 2872 1003 2935 uti
1019 2892 1094 2935 cum
1108 2894 1187 2936 voce
1203 2870 1341 2936 dedisse.

546 2972 684 3037 Reddite
699 2996 784 3038 nunc
801 2974 907 3039 vidum
923 2976 1085 3039 sublatum
1101 2974 1208 3039 fraude
1216 2974 1404 3059 juvencum,

546 3078 592 3141 Et
606 3098 718 3161 sospes
733 3078 860 3143 soboles
876 3080 968 3143 vobis
983 3080 1153 3144 comitatur
1165 3078 1311 3143 amanda.

546 3178 611 3243 Olli
627 3178 780 3242 mirentur
794 3176 882 3263 quod
897 3187 1008 3243 nosset
1022 3180 1170 3243 clancula
1183 3180 1275 3257 tritta,

545 3282 626 3354 Quae
640 3280 728 3364 prius
743 3280 898 3344 obstrusis
913 3280 1090 3345 credebant
1104 3292 1192 3364 gesta
1207 3282 1353 3345 latebris:

545 3383 630 3446 Tum
645 3382 768 3464 genitor
782 3380 925 3465 gaudens
940 3392 1102 3464 grassatur
1115 3383 1236 3466 sospite
1250 3394 1337 3459 nato,

545 3487 700 3548 Actutum
715 3483 809 3547 saevis
823 3480 961 3547 reddens
974 3482 1099 3567 direpta
1112 3483 1244 3566 rapinis.

545 3586 601 3650 Sic
616 3586 680 3649 sors
694 3586 808 3664 evenit,
824 3606 918 3649 verax
934 3596 972 3648 ut
986 3606 1065 3649 voce
1079 3586 1272 3671 spopondit:

544 3688 703 3769 Tempore
717 3706 796 3749 mox
809 3686 872 3749 alio
884 3685 1006 3748 dolium
1022 3685 1142 3750 deterre
1156 3689 1316 3771 poposcit,

544 3787 641 3861 Quod
658 3786 723 3852 duo
738 3800 910 3851 voverunt:
934 3788 1014 3851 alter
1028 3786 1087 3851 scd
1101 3800 1175 3851 rota
1189 3789 1309 3852 fefellit.

545 3888 670 3953 Idcirco
685 3888 792 3971 gelida
807 3887 1015 3952 constrictum
1029 3900 1131 3953 morte
1145 3890 1303 3953 camelum

543 3990 704 4054 Perdebat
718 3990 863 4073 gibbum,
878 4011 944 4074 quo
959 3991 1089 4055 vascula
1102 3991 1182 4055 ferre
1196 3991 1351 4075 pepercit,

542 4091 670 4175 Sospite
685 4092 853 4175 perfruitur
868 4091 927 4155 sed
943 4113 1040 4156 verax
1054 4093 1134 4155 alter
1148 4093 1258 4168 asello,

543 4194 615 4266 Quo
631 4192 787 4277 promissa
802 4194 870 4257 aeni
884 4193 1059 4277 complevit
1073 4204 1146 4257 rote
1159 4193 1329 4275 benignus.

545 4296 646 4363 Hunc
663 4294 744 4357 vidit
759 4294 830 4357 torri
847 4294 923 4357 felix
941 4293 1100 4357 Antonius
1115 4295 1203 4373 olim,

544 4396 716 4475 lingueret
731 4394 875 4476 egregius
892 4418 967 4458 cum
983 4396 1088 4460 carnis
1104 4396 1232 4460 vincula
1245 4396 1348 4473 miles,
