3759 5425
465 662 525 724 lta

786 683 828 728 DE
846 683 1009 731 subornas
1025 683 1209 731 villamors.

549 831 663 897 Ferrea
677 836 841 919 scriptura
856 835 974 901 direxit
987 837 1112 921 spicula
1125 838 1236 904 miles:

549 933 637 998 Dum
652 939 845 1004 consternati
859 959 937 1003 mox
953 961 1066 1004 omnes
1079 951 1172 1024 terga
1185 940 1351 1020 dederunt,

548 1037 700 1123 Excepto
715 1041 855 1120 Zambri,
867 1043 923 1126 qui
938 1054 1016 1107 tunc
1031 1043 1251 1108 necromantia
1265 1043 1373 1121 frema,

548 1141 698 1223 Ignarum
712 1145 868 1228 populum
883 1145 1059 1229 scrophesa
1073 1145 1183 1209 lraude
1198 1145 1320 1224 fefellit,

548 1240 636 1306 Dum
651 1263 764 1326 magus
778 1247 813 1308 in
827 1255 953 1310 tannim
968 1248 1075 1330 pellax
1090 1247 1160 1311 sine
1175 1267 1256 1311 voce
1269 1257 1422 1325 susurrat,

547 1340 675 1408 Corruit
688 1344 723 1408 in
738 1354 852 1410 terram
867 1346 1052 1430 quadrupes
1066 1347 1226 1431 spiracula
1240 1347 1402 1430 linquens.

548 1444 666 1509 Vastus
682 1445 759 1510 dum
774 1449 861 1530 vulgi
877 1450 998 1513 clamor
1011 1448 1083 1512 ferit
1098 1450 1216 1513 aethera
1229 1448 1342 1512 nimbi.

548 1544 614 1608 Sed
630 1557 737 1610 mmen
752 1547 930 1632 intrepidus
946 1550 1123 1613 Dominum
1139 1549 1303 1633 sylvester
1316 1547 1431 1614 adorat

548 1644 594 1707 Ut
607 1646 701 1726 plebs
715 1667 812 1730 quam
828 1647 974 1712 Christus
987 1648 1124 1732 preciosi
1139 1648 1305 1731 sanguinis
1319 1659 1405 1712 ostro

548 1744 706 1810 Reddidit
719 1747 893 1812 immunem
909 1749 1036 1814 sublata
1048 1749 1160 1812 fraude
1174 1749 1318 1832 maligui,

547 1849 644 1914 Tetro
658 1848 745 1914 haud
760 1850 887 1915 fallatur
900 1851 971 1914 falsi
986 1851 1211 1934 phantasmate
1224 1851 1373 1916 Zambri.

547 1953 630 2015 Mox
644 1953 742 2036 igitur
756 1954 838 2018 tauri
852 1965 1046 2038 prostratum
1061 1965 1162 2018 morte
1177 1953 1316 2018 cadaver

548 2052 688 2122 Suscitat
701 2054 836 2120 exsertis
851 2056 1021 2120 absolvens
1034 2055 1164 2119 vincula
1177 2052 1285 2131 nodis,

548 2153 593 2216 Et
608 2154 716 2218 mitem
731 2167 874 2219 armento
889 2154 967 2219 fecit
981 2153 1155 2219 succedere
1168 2165 1306 2218 taurum.

549 2249 633 2317 Turn
650 2255 764 2338 populi
775 2255 895 2339 passim
911 2255 1097 2318 clamabant
1111 2275 1189 2318 voce
1204 2263 1380 2330 tonantem,

549 2353 734 2419 Laudantes
749 2356 928 2420 Dominum
944 2366 1112 2442 cmperunt
1126 2356 1235 2420 dicere
1248 2363 1365 2438 grates

550 2457 616 2520 Hic
633 2459 703 2536 fuit,
717 2471 754 2522 ut
768 2460 874 2538 fertur,
890 2481 999 2524 comes
1013 2459 1206 2542 integritatis
1219 2457 1368 2542 adeptus,

548 2557 663 2622 Donec
679 2579 860 2642 supremam
876 2559 1049 2624 claudebat
1061 2571 1207 2642 tempore
1221 2558 1330 2622 vitam.

590 2661 667 2726 Rex
684 2661 917 2729 Constantinus
932 2660 1096 2749 quondam
1111 2661 1268 2746 presagia
1282 2669 1382 2737 certa,

548 2764 654 2846 Atque
666 2764 839 2828 futurarum
855 2765 985 2828 rimatur
1000 2765 1125 2827 somnia
1138 2784 1242 2827 rerum

548 2864 678 2929 Culcita
692 2864 769 2928 dum
785 2867 902 2951 plumis
917 2866 1056 2947 Augusti
1071 2877 1226 2930 sterneret
1239 2874 1336 2942 artus,

549 2967 692 3031 Cernens
707 2978 859 3032 matronae
874 2990 999 3052 rugosae
1013 2969 1093 3033 sorte
1108 2969 1244 3050 figuram

546 3068 636 3131 Vidit
649 3068 683 3135 in
699 3070 802 3133 extasi
817 3069 991 3135 deformem
1006 3072 1109 3135 fronte
1123 3082 1258 3148 vetusta,

548 3167 678 3233 Ceruua
692 3189 766 3251 quae
781 3167 924 3249 graditur
938 3169 1081 3233 tremulis
1096 3169 1212 3250 agitata
1226 3169 1366 3233 lacertis.

551 3271 689 3353 lnsuper
703 3269 788 3335 hanc
803 3270 913 3333 mortis
922 3270 993 3355 jam
1008 3291 1077 3333 sors
1091 3270 1241 3333 multaret
1254 3271 1382 3347 acerba,

548 3374 691 3456 Imperat
704 3371 836 3435 illustris
850 3393 957 3453 regern
972 3390 1118 3435 sermone
1133 3369 1284 3435 sacerdos

546 3476 708 3559 Sylrester
722 3473 971 3539 Constantinum
985 3473 1149 3558 decrepita
1162 3475 1306 3539 membra

548 3576 690 3643 Suscitet
704 3587 740 3642 ut
754 3576 869 3641 vetulae
883 3598 992 3641 rursus
1007 3598 1082 3641 cum
1097 3576 1218 3660 sospite
1233 3577 1306 3641 rita.

549 3679 643 3744 Tunc
658 3678 742 3761 regis
757 3676 908 3762 precibus
924 3676 1064 3741 surrexit
1075 3677 1163 3741 bella
1176 3678 1296 3761 puella,

547 3782 653 3855 Quam
668 3780 759 3864 prius
772 3780 894 3864 effigies
908 3781 1059 3864 turpabat
1072 3789 1160 3843 torva
1174 3789 1323 3845 senectae.

544 3884 590 3947 Et
603 3883 679 3947 licet
692 3892 766 3946 ante
781 3883 876 3947 situm
891 3892 1031 3967 torperet
1045 3894 1146 3945 morte
1161 3881 1308 3958 cadaver,

546 3985 599 4048 Fit
613 3992 719 4047 tamen
735 3983 899 4067 externplo
912 3983 1053 4046 formosa
1066 4002 1225 4067 puerpera
1238 3982 1342 4047 vultu:

544 4088 648 4159 Quam
663 4106 722 4148 rex
736 4086 973 4168 contemplatur
987 4104 1088 4147 orans
1103 4105 1178 4147 cum
1193 4092 1359 4149 stemmate
1375 4081 1486 4160 comit,

544 4188 705 4269 Tempora
718 4185 923 4269 precingens
937 4206 1014 4250 auro
1030 4186 1167 4250 flavente
1183 4198 1327 4260 coronat,

543 4290 589 4352 Et
603 4289 699 4373 peplo
714 4286 905 4371 chlamydis,
922 4308 982 4352 nec
998 4309 1064 4352 non
1079 4288 1270 4370 cycladibus
1284 4296 1390 4353 ornat:

546 4390 593 4454 Ut
606 4388 718 4469 regina
733 4401 821 4470 gerat
835 4388 1017 4453 rubicunda
1030 4388 1210 4473 crepundia
1224 4389 1320 4453 collo.

545 4488 635 4553 Talis
646 4498 713 4553 erat
729 4490 854 4573 species
870 4490 1017 4554 formosae
1032 4489 1163 4572 virginis
1178 4492 1271 4556 alma
