3759 5425
509 693 757 753 mansurum,
772 699 815 744 ur
830 697 991 758 vrnarnn,
1008 698 1051 744 un
1069 697 1125 743 mu
1139 686 1273 744 subrcrr.
1370 681 1428 740 lul

464 846 563 911 Ortus
578 858 612 912 et
625 849 659 913 in
674 851 770 916 rutilo
787 853 923 936 fulgebit
936 855 1014 916 orbo
1029 863 1170 936 peracto.

467 948 541 1012 Lux
555 951 639 1035 perit
653 950 800 1018 umbrato
812 955 960 1018 venianto
976 973 1106 1038 vespero
1121 952 1255 1025 mundo,

465 1051 510 1113 Et
524 1065 645 1118 remsat
658 1064 727 1119 toto
742 1062 936 1142 renovatque
953 1055 1071 1139 gaudia
1085 1056 1194 1120 saeclo.

463 1152 521 1216 Sic
536 1169 688 1220 renovata
702 1175 761 1220 suo
774 1158 854 1222 vivit
868 1157 909 1222 da
923 1158 1034 1222 funera
1050 1155 1198 1240 phmnix,

464 1249 691 1341 Exemploque
707 1277 783 1322 suos
796 1260 942 1324 volucres
956 1259 1094 1340 resurgit
1107 1257 1142 1320 in
1158 1254 1269 1320 hortus

463 1355 509 1419 Et
522 1357 645 1422 nudata
659 1359 743 1424 foliis
757 1379 817 1424 suo
831 1372 975 1444 temporo
991 1359 1137 1424 fructicat
1152 1357 1256 1434 arhor,

464 1458 572 1542 Atque
584 1459 702 1524 iturum
715 1461 823 1545 pomis
837 1473 1008 1526 comantur
1023 1459 1167 1544 germina
1180 1458 1270 1522 rami.

464 1561 553 1643 Ergo
567 1573 603 1626 ut
617 1585 637 1627 a
650 1581 730 1629 roca
744 1565 867 1630 mundo
880 1575 1035 1630 ucmsntc
1051 1561 1169 1639 divina,

462 1663 509 1726 Et
526 1666 656 1748 penitus
671 1668 790 1750 pressis
805 1668 977 1732 virtutibus
992 1663 1118 1731 aethcris
1132 1663 1217 1742 altitu

462 1765 556 1830 Tunc
572 1767 676 1850 fragor
689 1769 852 1852 ingenitus
866 1781 899 1834 ot
911 1768 1055 1834 maxima
1068 1783 1231 1830 murmura
1243 1763 1329 1841 omli,

463 1869 673 1936 Promorento
687 1874 760 1938 Deo
774 1875 924 1939 veniente
933 1873 1049 1959 judice
1063 1869 1186 1934 mundi.

463 1969 614 2037 Protinus
627 1972 786 2038 innumeri
802 1988 992 2039 concurrere
1007 1969 1052 2036 irc
1069 1969 1216 2034 ministri.

463 2070 718 2159 convallantque
730 2075 837 2140 Deum
853 2092 928 2139 cum
943 2073 1109 2160 majestate
1124 2071 1244 2137 celasti.

463 2175 620 2258 Augalica
633 2178 707 2242 latae
722 2172 926 2243 descendens
940 2179 1069 2263 agmina
1083 2178 1186 2256 turris,

461 2277 584 2342 omncs
598 2281 704 2344 nuntii
719 2281 794 2360 Dei,
809 2282 928 2366 quibus
943 2292 992 2347 est
1006 2281 1116 2345 divina
1130 2279 1282 2358 incultam

462 2379 639 2464 Prmcipuae
653 2381 754 2447 t'crrna
767 2382 893 2447 rimatis
907 2383 1038 2468 spiritus
1050 2396 1172 2445 omncs.

462 2482 584 2562 lgneus
598 2481 650 2545 his
664 2481 754 2564 rigor
766 2491 816 2547 est
829 2491 861 2547 et
874 2484 1041 2548 nobillima
1056 2497 1193 2566 corpora
1207 2482 1291 2545 cmlo

462 2577 522 2646 Vis
536 2579 646 2646 divina
659 2583 784 2665 migrat,
797 2583 831 2646 in
846 2593 949 2648 totum
964 2585 1088 2647 intonat
1103 2582 1203 2645 athar

461 2683 527 2747 Hic
543 2680 710 2767 trepidans
724 2693 808 2748 tarra
821 2684 950 2768 pertitus
964 2681 1112 2747 universa
1125 2681 1272 2764 remugit,

462 2785 644 2848 Parturians
656 2784 816 2862 hominos,
830 2802 911 2869 quos
925 2781 1059 2846 reddero
1070 2780 1163 2866 jussa
1177 2780 1319 2846 debebit.

459 2887 618 2951 Mirantur
632 2887 776 2965 comites,
790 2888 957 2951 turbantur
971 2884 1111 2969 deniquo
1125 2884 1239 2963 nimbi,

459 2991 554 3053 Astra
566 2988 681 3052 mirata
694 2988 805 3051 tabant
818 2986 925 3051 subito
940 2986 1065 3051 virtutis
1079 2988 1120 3051 ab
1136 2988 1212 3066 alto,

458 3092 565 3175 Atque
579 3090 733 3154 inclinata
748 3090 891 3154 Domino
905 3086 1102 3153 descendas
1118 3091 1202 3155 cmlc

458 3190 547 3255 Hinc
557 3190 695 3276 jubante
710 3189 783 3254 Deo
798 3189 892 3254 facila
907 3210 980 3255 cnm
997 3206 1076 3255 roco
1091 3193 1224 3274 potanti.

459 3292 623 3358 Continuo
637 3292 742 3377 ruptis
755 3308 813 3377 per
825 3293 934 3357 omnia
947 3310 1047 3375 regna
1063 3294 1253 3376 sepulchris,

459 3395 573 3459 Omnis
586 3394 706 3458 humus
716 3394 799 3459 lactis
814 3394 950 3459 efflrntlit
963 3394 1103 3457 hiatibus
1118 3416 1202 3474 ossa,

458 3498 674 3581 viventesque
819 3498 957 3580 populos
971 3508 1212 3561 aructatnrcna.

456 3600 592 3664 Haeraut
607 3600 749 3662 mambra
764 3598 876 3673 cornis,
893 3606 1066 3661 nectuntur
1080 3614 1154 3662 ossa
1169 3597 1331 3676 medullis,

457 3699 670 3786 consertique
683 3711 798 3783 regant
812 3700 967 3783 spirantia
981 3718 1115 3782 corpora
1129 3700 1229 3775 nervi,

456 3802 503 3866 Et
516 3803 612 3866 simul
626 3802 741 3866 infusa
755 3808 924 3865 movantur
937 3801 1094 3882 sangiune
1109 3820 1209 3881 rena,

456 3903 673 3988 Dmissaequc
688 3903 778 3967 cavis
792 3902 907 3966 animas
922 3896 1098 3965 redduntur
1113 3904 1247 3987 apertis;

456 4004 584 4088 Organa
598 4018 737 4089 quaqua
751 4024 811 4069 sna
824 4012 973 4087 reputant
987 4005 1148 4087 surgentia
1162 4016 1289 4070 cuncta.

454 4106 538 4169 Proh
553 4104 700 4170 miranda
714 4103 825 4189 quies!
847 4105 903 4169 hic
919 4105 1022 4169 omnia
1037 4108 1174 4190 pullulat
1188 4118 1275 4183 artas,

454 4208 595 4273 Pullulat
610 4207 745 4292 antiqua
758 4218 954 4272 mortuorum
970 4209 1101 4293 pulvera
1118 4218 1209 4271 terra.

457 4312 577 4376 Matres
591 4323 689 4395 atquo
703 4310 762 4373 virt
776 4311 910 4395 repetita
921 4312 995 4375 luce
1010 4321 1185 4393 resurgunt,

454 4414 655 4497 Magnanltni
664 4413 813 4497 juvenes,
828 4414 920 4496 pueri
934 4415 1142 4497 innuptaque
1158 4417 1284 4497 puellae.

455 4514 676 4600 Dasuuctiqne
692 4531 784 4578 sarias
799 4515 915 4578 animis
928 4513 1106 4578 virentibus
1122 4514 1249 4593 adsunt,

863 4634 885 4678 a
900 4620 920 4676 2
