3759 5425
491 761 646 807 nmsrom
662 763 706 807 ao
721 761 920 809 mnmrnuu
935 763 979 808 nx
995 761 1171 820 ursanum,
1189 763 1260 808 arc.
1359 749 1400 807 98

346 937 523 1000 opacorum
543 916 665 979 mellita
683 916 718 978 in
737 917 960 999 aenigmatibus
977 918 1222 1002 problematum)
1238 916 1402 980 siticulose

347 1027 515 1082 sumentes
530 1027 677 1101 carpunt,
691 1029 724 1082 et
738 1019 771 1081 in
794 1020 940 1083 alveariis
955 1019 1090 1104 sopbiae,
1106 1019 1179 1102 jugi
1194 1017 1403 1082 meditatione

347 1121 424 1183 loco
438 1133 534 1183 tenus
554 1120 712 1184 servanda
730 1121 919 1198 condentes,
934 1119 1066 1184 abdunt
1111 1119 1141 1182 E
1163 1139 1297 1204 quorum
1317 1133 1402 1184 cata·

348 1221 427 1301 logo
442 1231 531 1284 tuam
552 1220 717 1303 proficisci
734 1222 906 1301 solertiam,
920 1221 1032 1307 praeda
1050 1231 1199 1285 onustam
1219 1230 1316 1304 atque
1337 1231 1402 1284 tor·

348 1331 439 1384 rente
454 1322 587 1385 fluentis
602 1324 799 1388 sacrosancti
812 1324 1014 1408 propinatam
1031 1320 1328 1406 redundantemque
1346 1343 1403 1386 cx·

350 1424 477 1486 cellens
490 1423 575 1486 fama
589 1425 782 1506 percrebuit.

396 1524 613 1597 Quamobrem
628 1535 719 1589 tuum
739 1526 900 1590 affabilem
921 1525 1160 1610 discipulatum,
1174 1547 1235 1590 ceu
1255 1545 1404 1600 cemus,

351 1624 553 1706 singultatim
577 1626 715 1690 arcuatis
739 1627 931 1710 poplitibus·
946 1627 1160 1711 subnixisque
1185 1627 1337 1712 precibus
1359 1627 1404 1690 es-

351 1726 486 1806 flagit03
518 1734 554 1789 ut
569 1725 738 1790 obliterata
757 1748 962 1812 nequaquam
981 1728 1133 1792 memoria
1152 1727 1301 1804 excedat,
1316 1726 1405 1812 quod

349 1826 515 1890 Pacilicus
535 1828 659 1891 coelesti
679 1829 839 1891 ambrosia
854 1827 1019 1912 praeditus,
1039 1827 1243 1909 (subrogatus
1262 1828 1405 1910 genitore

345 1927 420 2010 jure
434 1927 650 2005 haereditario,
659 1929 709 1991 bis
724 1931 887 2012 quaternis
901 1937 1081 2012 temporum
1095 1930 1202 1993 lustris
1217 1928 1405 1992 Israeliticae

352 2028 460 2111 plebis
485 2029 615 2111 imperii
642 2041 767 2113 sceptro
796 2030 958 2112 fungens,)
984 2032 1069 2096 almo
1094 2041 1209 2097 auctus
1234 2030 1405 2116 spiramine

351 2130 523 2214 prompsit,
538 2130 666 2194 dicens:
689 2131 804 2195 “Bibe
819 2153 935 2217 aquarn
951 2132 991 2197 de
1006 2132 1146 2197 cisterna
1160 2141 1225 2212 tua,
1239 2141 1272 2196 et
1285 2133 1405 2196 fluenta

353 2232 441 2314 putei
457 2232 526 2294 tui:
560 2230 742 2296 deriventur
762 2233 867 2297 fontes
887 2234 933 2296 tui
954 2233 1049 2310 foras,
1064 2245 1097 2296 et
1113 2233 1148 2296 in
1168 2233 1284 2317 plateis
1305 2253 1405 2317 aquas

354 2330 462 2394 divide
473 2353 484 2407 ;
516 2332 605 2395 solus
625 2331 744 2397 habeto
767 2354 831 2412 eas,
851 2356 911 2399 nec
931 2334 996 2398 sint
1016 2334 1113 2398 alieni
1136 2336 1310 2418 participes
1329 2334 1406 2398 tui.”

355 2432 559 2517 Quapropter
577 2433 629 2496 bis
643 2434 743 2498 sacris
761 2436 904 2499 imbutus
922 2437 1130 2518 sagminibus,
1139 2436 1214 2520 jugi
1235 2436 1406 2500 conamine

355 2533 593 2618 orthographiae
622 2536 744 2620 aperito
773 2537 944 2618 gurgitem,
970 2545 1003 2600 et
1031 2537 1171 2600 sitientia
1199 2536 1301 2619 rigato
1331 2557 1407 2600 arva

354 2639 533 2702 mentium:
567 2647 727 2723 quatenus
749 2659 876 2721 germen
901 2637 1040 2702 aethralis
1062 2648 1211 2702 extaseos
1234 2636 1325 2714 (vivis
1350 2636 1408 2702 soe·

355 2740 537 2824 cundisque
559 2739 593 2802 in
615 2738 877 2819 orthodoxorum,
892 2739 1005 2803 satoris
1027 2738 1154 2816 sudore,
1169 2738 1269 2801 sulcis
1291 2740 1406 2818 satum)

355 2843 448 2904 nullo
478 2838 607 2904 torridae
644 2841 811 2904 obstaculo
848 2841 1005 2905 siccitatis
1040 2841 1215 2919 obtinente,
1245 2840 1407 2924 pullulans

356 2943 491 3023 gliscat3
521 2953 555 3004 et
577 2940 714 3005 ubertim
739 2942 855 3026 spissa,
878 2944 943 3007 Dei
968 2943 1130 3025 suffragio,
1156 2962 1249 3024 seges
1278 2940 1407 3005 demum
1451 2992 1453 2997 .

356 3054 563 3107 maturescat
623 3043 710 3106 Nam
744 3042 867 3107 idcirco
903 3045 1042 3129 supplex
1079 3055 1144 3108 tam
1181 3043 1301 3107 obnixe
1337 3045 1408 3109 boec

358 3146 501 3208 cernitur
524 3164 654 3207 oramen
675 3144 883 3225 suggessisse,
901 3146 991 3229 quod
1011 3146 1159 3211 nonnulli
1180 3167 1318 3231 superna
1335 3166 1410 3210 nos-

359 3258 477 3310 cuntur
502 3246 621 3329 sophia
642 3245 781 3329 praediti,
804 3258 837 3309 ct
858 3267 977 3311 arcana
997 3249 1068 3311 luce
1091 3246 1263 3312 enormiter
1284 3246 1407 3311 referti:

358 3360 501 3411 attamen
518 3346 605 3432 quod
624 3348 762 3429 gratuita
785 3347 913 3410 coelitus
931 3347 1167 3425 munificentia,
1181 3347 1310 3429 Deique
1330 3344 1410 3429 dap·

360 3451 412 3513 sili
438 3449 604 3513 deditione
632 3459 833 3531 receptantes
858 3448 998 3536 (proprio
1023 3451 1202 3515 facessante
1227 3448 1410 3511 meritorum

362 3552 500 3635 quaestu)
523 3549 633 3634 adepti
657 3561 743 3627 sunt,
764 3571 968 3636 nequaquam
995 3546 1242 3633 (gazophylacio
1268 3547 1410 3609 scientiae

361 3654 511 3732 reserato)
527 3653 623 3736 plene
643 3652 894 3735 promulgantes,
912 3651 970 3715 sed
989 3648 1202 3735 particulatim
1224 3647 1411 3711 lurconibus

362 3755 543 3837 largientes.
588 3754 674 3817 Nam
696 3751 782 3829 (lata
805 3751 1001 3834 evangelicae
1019 3749 1275 3833 experimentum
1301 3755 1411 3811 aucto-

363 3858 474 3936 ritatis)
490 3877 694 3941 nequaquam
709 3856 849 3937 flagrans
867 3853 1006 3936 lychnus
1021 3850 1167 3916 clancule
1186 3849 1309 3913 fuscata
1323 3860 1411 3913 tetrae

366 3957 525 4021 occulitur
544 3958 668 4020 latebra
686 3979 787 4035 urnas,
802 3956 857 4040 qui
876 3950 1063 4019 candelabri
1085 3949 1267 4013 summitate
1288 3950 1413 4014 cunctis

366 4058 502 4142 limpido
536 4058 660 4122 lumine
688 4059 798 4122 lucere
828 4056 955 4121 decuit:
993 4072 1120 4117 necnon
1149 4051 1264 4114 frustra
1299 4051 1413 4114 talenti

366 4160 483 4224 taenara
520 4161 736 4225 subterraneis
772 4160 995 4224 clanculantur
1023 4155 1187 4218 obstructa
1216 4153 1413 4232 sablonibus,

367 4282 439 4345 quse
454 4263 682 4344 trapezitamm
704 4261 883 4325 numerosis
902 4270 1039 4322 monetae
1060 4255 1275 4339 oportuissent
1294 4256 1413 4319 numis-

366 4363 506 4427 matibus
539 4363 718 4447 profligari3
755 4385 796 4426 ne
830 4362 911 4425 sorte
939 4370 976 4423 ut
1004 4359 1090 4423 iners
1120 4356 1236 4441 adepto
1268 4354 1415 4440 (segnitia

366 4464 507 4544 torpens)
531 4464 732 4546 mancipium
763 4463 894 4540 talento,
924 4480 1092 4544 supremos
1121 4460 1350 4541 ergastulorum
1379 4460 1413 4522 in

365 4564 532 4645 squalores
554 4574 661 4628 trusus
683 4558 921 4647 praecipitctur;
953 4561 1011 4625 sed
1032 4561 1141 4645 potius
1163 4580 1244 4625 evax
1269 4580 1414 4643 eugeque
