3759 5425
773 676 818 720 DE
833 675 998 722 nauufflus
1012 675 1194 722 vtaeututt.

537 828 701 893 Militibus
716 827 835 892 Christi
850 829 961 892 mertis
976 827 1161 892 discrimina
1175 841 1305 913 patrans
1318 852 1327 905 ;

538 929 662 994 Extitit
674 930 709 992 in
724 929 830 993 Roma
843 930 990 994 binarum
1006 929 1085 991 forte
1101 949 1245 993 sororum

536 1030 636 1093 Fama
648 1030 822 1113 praecipuis
835 1030 970 1112 pulsans
985 1029 1168 1092 rumoribus
1182 1050 1294 1107 aures;

536 1131 626 1203 Quas
639 1131 749 1194 nullus
762 1141 889 1214 poterat
903 1129 1069 1195 tormentis
1084 1129 1213 1194 vincere
1228 1140 1337 1207 tortor,

539 1232 724 1303 Quamlibet
737 1232 880 1296 insontes
894 1233 1043 1295 multaret
1057 1231 1146 1294 caede
1161 1243 1306 1306 cruenta,

538 1332 585 1395 Ut
597 1331 671 1395 vitm
685 1343 848 1396 auctorem
863 1334 985 1396 reflexa
999 1344 1105 1395 mente
1121 1343 1283 1414 negarent

536 1431 644 1495 Altera
658 1430 698 1495 de
714 1432 849 1514 geminis
863 1433 943 1496 felix
958 1433 1108 1497 Anatolia
1122 1430 1228 1496 dicta:

537 1531 646 1596 Altera
658 1532 716 1595 scd
731 1544 833 1614 gestat
847 1554 957 1596 rerum
974 1531 1116 1596 Victoria
1131 1553 1259 1596 nomen.

538 1633 611 1696 Has
624 1635 720 1715 igitur
734 1634 844 1717 sponsi
859 1635 954 1698 claris
968 1634 1130 1698 natalibus
1145 1635 1203 1697 orti

536 1732 588 1796 Ad
602 1735 724 1817 prolem
740 1735 864 1814 generis
879 1746 1028 1818 satagunt
1042 1735 1217 1820 adjungere
1230 1743 1359 1818 nuptas.

537 1831 602 1896 Sed
617 1855 708 1898 mens
722 1834 874 1916 virgineis
888 1837 1052 1899 ambarum
1069 1833 1187 1898 torrida
1200 1835 1337 1898 flammis

536 1934 678 2020 Stuppas
692 1937 828 2001 luxuriae
842 1939 1021 2001 combussit
1034 1949 1115 2001 torre
1129 1937 1273 2021 pudoris,

536 2034 716 2117 spurcitias
730 2037 842 2101 mundi
858 2049 1067 2102 contemnens
1081 2037 1179 2102 corde
1194 2036 1342 2102 caducas.

536 2134 674 2199 Divitias
689 2150 855 2222 spargunt,
869 2138 965 2201 simul
980 2146 1013 2202 et
1027 2138 1218 2221 patrimonia
1233 2136 1346 2200 dantes

535 2238 643 2300 Aurea
656 2238 825 2322 purpureis
840 2239 966 2303 calcant
981 2238 1157 2323 crepundia
1172 2238 1317 2320 gemmis,

536 2337 727 2423 Cunctaque
741 2339 937 2426 pauperibus
950 2360 1026 2403 mox
1043 2351 1231 2404 ornamenta
1245 2340 1388 2418 misellis,

537 2439 595 2502 Nil
609 2441 671 2506 sibi
688 2451 858 2520 servantes,
873 2443 1016 2506 vendunt
1031 2463 1089 2526 pro
1104 2443 1188 2526 stipe
1205 2463 1352 2526 superna.

537 2540 680 2604 Nuntius
694 2563 712 2604 e
726 2542 811 2604 coelo
825 2550 986 2623 pennatus
999 2539 1119 2603 labitur
1133 2541 1209 2618 alto,

536 2640 720 2706 Flammeus
734 2654 878 2725 aspectu,
892 2642 988 2706 niveo
1003 2640 1142 2705 candore
1159 2661 1324 2720 coruscus,

535 2742 738 2828 Sceptrinum
753 2746 858 2808 vimen
873 2745 988 2809 dextra
1003 2747 1148 2827 gestabat
1161 2746 1194 2807 in
1210 2745 1314 2810 alma:

536 2845 658 2911 Ambas
671 2847 845 2930 alloquitur
858 2846 915 2909 tali
930 2866 1005 2909 cum
1021 2866 1099 2909 voce
1114 2846 1247 2930 puellas.

535 2948 634 3012 Nunc
649 2950 763 3033 procul
778 2970 797 3012 a
811 2958 915 3011 vestro
929 2949 1086 3031 pallorem
1100 2948 1209 3031 pellite
1225 2949 1325 3025 vultu,

537 3048 671 3113 Pectore
685 3070 749 3114 nec
764 3047 885 3133 parido
901 3048 1048 3133 quatiens
1063 3049 1158 3113 timor
1170 3049 1226 3113 ilia
1240 3051 1359 3133 pulset,

536 3151 625 3215 Dum
641 3152 733 3216 vobis
747 3152 906 3216 thalamus
919 3151 1061 3234 paradisi
1076 3149 1152 3215 sede
1166 3153 1301 3228 locatur,

536 3252 578 3315 In
593 3274 658 3337 quo
672 3252 818 3337 perpetui
833 3272 996 3336 nunquam
1012 3253 1173 3316 consortia
1187 3254 1298 3336 sponsi

536 3352 701 3417 Deficient
714 3352 854 3436 penitus,
868 3351 925 3416 sed
940 3350 1058 3435 gaudia
1071 3354 1171 3433 longa
1184 3353 1370 3429 manebunt,

537 3454 573 3519 si
588 3474 646 3517 vos
660 3452 825 3533 virginitas
840 3474 949 3516 comes
964 3452 1125 3517 indefessa
1138 3462 1252 3519 tuetur.

537 3554 631 3617 Tunc
646 3553 749 3616 ambae
765 3566 891 3615 servant
904 3561 1002 3615 castae
1018 3554 1179 3617 consortia
1194 3554 1279 3633 vita,

537 3656 680 3738 Angelus
693 3665 730 3717 ut
744 3652 876 3719 dederat
890 3652 995 3717 sancti
1010 3664 1171 3739 praecepta
1185 3656 1329 3739 pudoris,

539 3759 653 3840 Usque
668 3756 776 3837 sugam
791 3755 864 3818 vitae
878 3775 955 3819 cnm
969 3775 1054 3818 mors
1069 3755 1103 3817 in
1118 3756 1230 3821 limine
1245 3758 1349 3834 latrat,

537 3856 685 3923 Marcida
698 3856 901 3940 depopulans
917 3856 1004 3919 vitali
1019 3866 1152 3939 pectora
1165 3858 1254 3921 flam.

543 3960 607 4027 His
621 3959 717 4042 igitru
732 3959 830 4040 gestis
845 3957 1010 4039 tinguntur
1025 3978 1130 4022 scaeva
1144 3980 1314 4044 procorum
1382 4022 1387 4027 .

537 4064 673 4127 Pectora
685 4058 832 4122 lethifero
847 4056 910 4120 zeli
924 4057 1085 4121 maculata
1099 4078 1234 4137 veneno,

540 4166 627 4228 Dum
642 4168 778 4225 cernunt
792 4158 935 4242 amplum
951 4178 1085 4242 sponsas
1100 4160 1283 4243 expendere
1298 4182 1441 4226 censum.

538 4266 666 4329 interea
680 4262 816 4324 Romam
830 4260 981 4343 linquens
996 4260 1139 4325 Victoria
1154 4261 1253 4344 virgo,

537 4365 628 4431 Exul
642 4365 675 4427 in
690 4363 824 4427 exilium
838 4362 989 4427 tribunali
1004 4360 1132 4427 ducitur
1146 4364 1243 4441 urbis,
1332 4368 1337 4377 '

538 4468 610 4539 Quo
625 4464 722 4529 draco
737 4464 881 4527 firnestns
896 4464 1042 4527 mctabat
1057 4462 1184 4528 flamina
1198 4464 1327 4542 ventris,
