3759 5425
1585 334 1606 602 Ι

438 628 501 690 292
721 640 876 689 rrrsrona
891 643 936 687 an
952 642 1126 700 rcracrnu,
1142 642 1214 688 sac.
1592 623 1614 860 1

436 808 531 880 tepeo
560 806 703 881 tepesco,
734 804 848 879 stupeo
879 806 1040 879 stupesco,
1071 798 1166 860 tabeo
1195 796 1338 874 tabesco,
1372 796 1497 860 madeo

437 894 599 976 madesco,
623 899 724 961 rubeo
745 899 892 975 mbeseo,
923 900 1013 962 caleo
1037 900 1176 976 calesco,
1197 912 1305 961 tumeo
1331 908 1497 976 tumesco,

436 997 523 1063 niteo
537 999 673 1077 nitesco,
688 1019 768 1063 aceo
782 1020 908 1077 acesco,
923 1000 1012 1064 vireo
1027 1000 1160 1063 viresco.

480 1100 524 1165 D.
546 1100 697 1165 Potestne
734 1101 984 1185 amphibrachys
1012 1122 1033 1164 a
1053 1102 1294 1185 participiorum
1326 1098 1496 1183 significa·

436 1202 576 1267 tionibus
591 1201 744 1267 oriundus
758 1202 809 1267 his
822 1203 1001 1285 regularum
1016 1204 1237 1266 sanctionibus
1251 1200 1422 1285 subjugari
1430 1200 1494 1265 f-
1611 1183 1623 1320 1

435 1304 483 1367 Μ.
506 1302 703 1367 Praeteritum
719 1317 752 1366 et
773 1302 912 1367 futurum
926 1302 1089 1388 participii
1112 1316 1242 1387 tempus
1263 1325 1332 1366 uon
1355 1323 1494 1366 renrre·
1616 1345 1628 1426 1

435 1406 610 1488 fregerint
622 1414 747 1469 amatus
761 1404 928 1482 amandus,
936 1405 1045 1469 litatus
1058 1403 1210 1483 litandus,
1220 1416 1356 1468 necatus
1369 1424 1492 1469 necan-
1626 1395 1628 1484 1

436 1506 507 1583 dus,
522 1516 653 1571 cavatus
667 1506 845 1584 cavendum
868 1506 913 1570 sic
925 1506 1103 1585 docendus,
1117 1506 1305 1582 movendus,
1315 1506 1491 1583 fovendum

435 1609 481 1675 sic
497 1608 665 1692 tegendus,
680 1606 844 1686 terendus,
858 1608 1032 1689 gerundus,
1047 1609 1211 1672 serendus.

478 1712 520 1777 D.
548 1710 808 1796 Amphibrachys
831 1732 895 1795 quo
918 1720 1056 1775 accentu
1081 1706 1430 1795 pronunciaturf-M.
1449 1708 1488 1773 Si

430 1813 609 1899 penultima
630 1812 791 1896 positione
806 1812 906 1892 longa
927 1812 1032 1890 fuerit,
1046 1814 1186 1876 acuimr.
1209 1821 1247 1875 ut
1265 1812 1485 1890 marisca,no·

432 1934 527 1979 verca
548 1913 709 1991 madasca,
737 1912 878 1976 ladasca.
932 1912 1076 1985 Quod
1051 1935 1079 1976 sr
1100 1913 1287 1978 naturaliter
1307 1913 1487 1997 penultima

431 2013 629 2099 producitur,
640 2014 851 2079 circumflexo
860 2023 999 2077 accentu
1007 2015 1174 2098 profertur,
1183 2027 1219 2079 ut
1230 2035 1351 2093 carana,
1360 2026 1484 2092 catena,

432 2138 569 2196 camera,
584 2118 709 2182 rubeta.
1621 2077 1628 2596 1

1622 1957 1625 2016 l

474 2220 517 2284 D.
540 2220 614 2293 Qua
638 2218 804 2283 ἀὶιίεἰοιιὶε
830 2217 965 2283 formula
987 2217 1276 2283 famulaturi-M.
1300 2218 1386 2284 Cum
1399 2240 1480 2304 pres·

431 2323 528 2388 dictis
548 2320 687 2407 pedibus
708 2342 773 2384 non
797 2332 900 2385 servat
922 2342 1029 2405 parem
1056 2319 1225 2387 divisionis
1249 2324 1404 2405 regulam,
1422 2320 1481 2387 sed

430 2426 557 2511 triplum
573 2422 792 2487 conditionis
783 2432 1017 2487 incrementum
1032 2434 1145 2487 contra
1159 2424 1310 2506 simplum
1325 2424 1479 2507 temporis

430 2525 655 2591 detrimentum
667 2534 837 2609 repugnat,
851 2524 927 2588 dnm
945 2524 1024 2588 arsis
1050 2524 1194 2589 continet
1209 2547 1320 2603 unum,
1334 2537 1368 2589 et
1382 2525 1481 2589 thesis

430 2638 503 2693 tres.

798 2730 849 2796 De
865 2734 1104 2815 Amphimocro.

473 2837 515 2899 D.
539 2836 755 2902 Luculentum
776 2835 944 2920 exemplar
965 2848 998 2898 et
1022 2834 1156 2899 evidens
1178 2833 1333 2899 indicium
1356 2835 1483 2919 emphi-

429 2957 599 3023 macroque
614 2936 808 3002 conveniens
822 2936 1032 3019 profer-M.
1056 2937 1202 3012 almitas,
1214 2936 1349 3013 trinitas,
1363 2938 1480 3014 unitas,

428 3039 552 3118 caritas,
566 3038 706 3115 castitas,
721 3038 846 3113 veritas,
858 3037 988 3115 orbitas,
1002 3039 1166 3115 sanctitas,
1178 3037 1328 3119 dignitas,
1340 3039 1479 3115 claritas,

428 3139 575 3226 qualitas,
612 3137 784 3223 quantitas,
820 3137 973 3216 densitas,
1007 3139 1134 3216 lenitas,
1162 3139 1301 3215 caecitas,
1337 3140 1479 3218 siccitas,

427 3239 549 3313 civitas,
564 3240 676 3316 vilitas,
691 3238 831 3321 largitas,
845 3239 987 3318 vastitas,
1002 3239 1150 3317 suavitas,
1165 3238 1308 3302 torvitas.
1345 3239 1479 3305 Solinus

428 3342 462 3404 in
492 3340 692 3404 collectanea
719 3360 826 3403 rerum
855 3339 1112 3403 memorabilium
1143 3337 1184 3401 dc
1209 3339 1382 3421 panthera:
1407 3341 1478 3404 Nec

427 3443 533 3506 terreri
556 3439 684 3524 (inquit)
700 3439 764 3504 nisi
786 3441 854 3505 sola
875 3441 938 3504 oris
960 3441 1118 3504 torvitate.
1162 3440 1325 3524 AEquitas,
1345 3441 1480 3520 falsitas,

426 3544 558 3621 sanitas,
573 3541 716 3619 firmitas,
731 3541 867 3619 vanitas,
887 3541 1045 3625 paucitas,
1058 3539 1180 3603 raritas.
1230 3539 1358 3604 Eodem
1379 3540 1480 3606 modo

426 3643 458 3707 in
474 3643 592 3728 plurali
613 3661 746 3705 numero
768 3640 986 3718 inveniuntur,
1000 3652 1036 3704 ut
1057 3640 1227 3723 margines,
1242 3641 1400 3722 cardines,
1413 3642 1478 3706 fur·

427 3743 521 3822 fures,
529 3745 667 3821 fomites,
676 3741 835 3826 cespides,
846 3742 1009 3825 cuspides,
1019 3743 1170 3821 termites,
1181 3743 1316 3826 stipites,
1326 3745 1479 3828 poplites,

423 3845 564 3920 remites,
580 3844 728 3922 murices,
737 3843 896 3923 sandices,
907 3855 939 3907 et
954 3842 1080 3908 similia.
1118 3844 1171 3908 lta
1184 3864 1312 3929 quoque
1322 3844 1478 3926 singulari

425 3947 585 4033 pontifex,
600 3946 725 4023 artifex,
740 3945 896 4024 carnifex,
911 3945 1047 4024 aurifex,
1062 3946 1195 4029 extipex
1208 3946 1263 4029 qui
1279 3955 1313 4010 et
1327 3966 1478 4030 aruspex,

425 4048 535 4136 opifex
550 4069 624 4113 vero
640 4055 805 4132 anapesto
829 4047 994 4131 competit.
1039 4049 1069 4109 A
1083 4046 1189 4111 verbis
1202 4059 1309 4110 autem
1324 4049 1478 4131 exempla

425 4151 644 4234 amphimacro
659 4147 874 4233 competentia
896 4147 999 4231 prima
1013 4167 1153 4232 persona
1173 4147 1316 4213 invenire
1331 4148 1479 4233 nequivi,·

423 4253 485 4317 nisi
507 4253 586 4316 forte
612 4251 718 4314 finalis
744 4250 868 4335 syllaba
892 4248 1087 4314 authenticis
1110 4250 1278 4314 illustrium
1307 4262 1476 4334 poetarum

424 4354 581 4436 exemplis
595 4353 750 4438 reperitur
763 4350 906 4438 produci.
952 4351 1125 4434 Virgilius:

566 4457 733 4510 Horrendam
745 4463 772 4508 et
783 4456 852 4510 dictu
861 4455 936 4510 rideo
948 4456 1097 4510 miserabile
1109 4463 1260 4511 monstrum.
