3759 5425
484 741 525 800 46
844 759 869 804 s.
886 757 1062 804 annuatur
1078 758 1180 804 maan

484 911 662 995 tyrizantes
676 912 907 991 occubuerunt,
921 913 956 975 in
971 914 1132 976 consorn'o
1155 921 1341 976 sanctorum
1356 912 1452 976 simul
1467 934 1539 997 per·

486 1013 609 1097 cepturi
623 1012 756 1096 pramis
769 1015 966 1094 meritonrm,
977 1015 1063 1080 sicut
1073 1016 1167 1080 simul
1178 1015 1352 1101 participes
1364 1016 1541 1081 extiterunt

485 1125 724 1179 tormentorum.

527 1219 685 1282 XXXVI.
707 1219 806 1282 Porro
819 1220 1016 1304 Virginalem
1029 1219 1052 1286 J
1053 1221 1154 1284 uliaui
1167 1221 1313 1304 martyris
1328 1220 1460 1302 gloriam
1478 1222 1539 1284 sub

485 1321 687 1385 clandestino
708 1321 934 1386 taciturnitatis
956 1323 1092 1386 latibulo
1116 1321 1303 1386 delitescere
1334 1343 1400 1385 non
1424 1323 1541 1406 patiar,

484 1426 541 1510 qui
555 1424 755 1507 temporibus
774 1423 985 1502 Diocletiani,
1000 1434 1032 1487 et
1049 1424 1245 1488 Maximiani
1264 1423 1366 1487 nobili
1387 1424 1540 1508 prosapia

483 1521 638 1586 oriundus
660 1521 740 1599 fuit;
770 1542 865 1604 quem
889 1543 965 1585 cnm
986 1531 1136 1605 parentes
1158 1522 1192 1584 in
1214 1523 1368 1604 primaevo
1390 1527 1540 1607 pueritiae

482 1623 665 1686 rudimento
702 1624 881 1702 florentem,
909 1633 976 1687 tam
1006 1623 1196 1688 Dialecticae
1233 1625 1309 1688 artis
1345 1637 1540 1710 compotem,

483 1745 581 1809 qnam
611 1725 794 1788 Rhetoricae
831 1725 907 1788 artis
939 1725 1130 1810 participem
1160 1726 1322 1802 fecissent,
1351 1727 1540 1811 paedagogis

482 1849 614 1912 quoque
636 1837 669 1890 et
689 1825 863 1891 didascolis
881 1826 1032 1892 traditum
1055 1828 1252 1892 multimodis
1274 1829 1540 1912 philosophorum

483 1930 664 2014 disciplinis
674 1927 877 2006 imbuissent,
887 1929 995 2014 etjam
1006 1929 1040 1993 in
1052 1941 1160 1994 tenero
1170 1931 1346 2014 pubertatis
1354 1929 1539 1994 rudimento

482 2031 626 2094 adultum
641 2038 790 2114 parentes
812 2028 1110 2108 animadverterent,
1126 2053 1264 2114 eumque
1287 2043 1459 2096 amatorem
1475 2034 1539 2097 Ca·

481 2134 611 2198 tholicoe
633 2132 721 2210 fidei,
744 2132 907 2214 sacrisque
929 2131 1093 2196 Ecclesiae
1115 2133 1282 2198 liminibus
1309 2134 1540 2213 adhaerentem,

482 2257 611 2300 necnon
626 2235 787 2316 ergastula
801 2235 1020 2298 confessorum
1043 2237 1156 2298 erebro
1171 2235 1427 2320 hequentantem
1448 2259 1537 2302 com·

481 2338 649 2422 perissent,
664 2336 935 2418 pertimescebant
949 2357 1153 2421 magnopere,
1168 2359 1209 2402 ue
1232 2338 1260 2401 si
1274 2339 1404 2402 unicum
1420 2339 1539 2422 pignus

482 2440 525 2502 ob
547 2437 710 2522 religionis
731 2440 986 2523 praerogativam,
1007 2451 1041 2504 et
1062 2451 1182 2504 sanctae
1205 2441 1460 2504 conversationis
1480 2441 1538 2506 ha·

481 2542 587 2605 bitum
608 2542 650 2604 ab
672 2540 799 2604 illomm
822 2540 922 2623 stirpe
944 2541 1130 2625 privaretur,
1145 2541 1218 2625 ipsi,
1234 2553 1270 2606 ut
1291 2543 1336 2606 ait
1352 2543 1538 2607 Patriarcha

480 2641 745 2727 lachrymabilem
764 2641 959 2727 depromens
978 2643 1222 2727 querimoniam,
1242 2665 1340 2708 canos
1363 2665 1437 2706 snos
1459 2663 1537 2708 cum

482 2744 592 2810 dolore
608 2746 764 2809 ducentes
779 2744 820 2808 ad
839 2745 968 2823 inferne,
982 2756 1099 2829 optatas
1121 2746 1334 2826 generationis
1353 2744 1537 2811 heredibus

482 2858 514 2911 et
537 2847 651 2911 futuris
671 2857 826 2928 nepotum
846 2846 1019 2930 nepotibus
1040 2846 1183 2910 funditus
1204 2846 1434 2913 fraudarentur.
1479 2847 1536 2912 Id·

482 2951 568 3014 circo
588 2949 743 3032 puberem
767 2949 918 3012 subnixis
936 2949 1088 3033 precibus
1108 2961 1141 3013 et
1163 2948 1316 3013 inauditis
1332 2949 1535 3014 blandimen-

483 3062 587 3116 torum
602 3049 809 3113 hortamentis
825 3050 954 3113 fleetere
968 3050 1162 3127 nitebantur,
1175 3063 1212 3115 ut
1225 3050 1267 3115 ad
1285 3050 1418 3115 thalami
1433 3052 1536 3132 tedas,

481 3164 516 3217 et
529 3153 657 3235 copula
672 3152 869 3215 consortium
886 3152 1007 3215 ferreos
1023 3154 1189 3238 juvenculi
1213 3154 1357 3232 affectus,
1370 3154 1436 3217 imo
1459 3154 1536 3219 ada-

480 3262 589 3317 mante
610 3252 764 3330 duriores,
779 3253 980 3318 inclinarent.
1025 3254 1078 3318 Ad
1098 3266 1320 3337 argumentum
1342 3256 1438 3321 etiam
1460 3256 1534 3321 hor·

479 3355 586 3419 tandae
609 3354 766 3419 suasionis
788 3356 984 3440 Apostolicis
1011 3368 1144 3423 utuntur
1165 3359 1315 3434 oraculis,
1337 3359 1456 3442 quibus
1479 3362 1536 3439 ait,

488 3458 560 3521 Volo
569 3458 707 3541 juvenes
721 3457 852 3537 nubere,
863 3460 1141 3541 potres-familias
1153 3480 1229 3538 csse,
1233 3460 1330 3541 filios
1348 3480 1536 3541 procreare,

479 3561 606 3623 nauem
620 3556 736 3621 dentes
749 3560 947 3621 occasionem
963 3559 1117 3639 maligno,
1131 3558 1249 3642 quibus
1263 3558 1308 3621 ita
1328 3558 1535 3641 respondisse

479 3664 649 3729 scribitur:
674 3661 746 3726 Nec
760 3662 942 3739 voluntatis,
957 3680 1018 3724 nec
1034 3660 1138 3724 aetatis
1153 3673 1202 3725 est
1216 3674 1352 3745 tempus,
1367 3672 1403 3723 nt
1417 3660 1533 3725 faciam

480 3788 554 3852 qnae
575 3762 760 3829 hortamini.
806 3764 889 3825 Item
913 3782 986 3825 cum
1007 3770 1245 3845 perseverarent
1269 3762 1475 3845 pertinaciter
1499 3764 1533 3827 in

480 3868 640 3955 precibus,
660 3866 715 3944 ait,
736 3866 807 3928 Nec
827 3862 1035 3949 promittendi
1058 3862 1137 3926 mibi
1160 3874 1209 3927 est
1227 3865 1373 3941 facultas,
1391 3885 1454 3928 nec
1477 3886 1534 3929 ne·

479 3967 578 4052 gandi
599 3976 765 4050 potestas3
797 3966 887 4051 quod
909 3964 1084 4029 hortamini
1103 3965 1166 4029 Dei
1189 3967 1254 4029 mei
1272 3966 1422 4049 potestati
1444 3988 1533 4031 com·

478 4072 582 4147 mitto,
597 4070 658 4133 &c
682 4069 778 4133 unius
792 4080 897 4133 mmen
918 4066 1132 4131 hebdomadis
1148 4065 1296 4130 inducias
1311 4067 1534 4150 aparentibus

479 4172 638 4260 poposcit,
661 4179 698 4235 ut
726 4182 840 4236 nutum
866 4190 1012 4253 snpemre
1042 4168 1217 4254 majestatis
1242 4169 1437 4253 argumentis
1466 4169 1533 4234 eri·

479 4274 630 4339 dentibus
660 4272 875 4355 experiretnr;
911 4291 976 4355 qua
999 4279 1129 4353 peracta
1151 4268 1393 4354 intercapedine
1417 4290 1532 4335 somno

478 4375 614 4458 sopitus,
637 4382 670 4436 et
698 4395 813 4458 sopore
839 4375 1022 4459 depressus,
1043 4371 1124 4436 vidit
1147 4372 1311 4437 Christum
1333 4374 1366 4437 iu
1389 4384 1533 4437 oromate

479 4476 621 4541 dixisse:
656 4476 802 4559 Exurge,
821 4498 863 4539 ne
882 4476 996 4538 timeas
1013 4494 1074 4537 nec
1098 4474 1265 4539 suasiones
1285 4475 1462 4553 verborum,
1482 4475 1532 4537 vel

478 4582 674 4645 voluntatem
688 4590 856 4662 parentum
870 4579 1053 4652 horrescas;
1083 4578 1226 4662 accipies
1246 4578 1333 4642 enim
1349 4578 1532 4662 conjugem,
