<?xml version="1.0" encoding="UTF-8"?>
<!DOCTYPE html PUBLIC "-//W3C//DTD XHTML 1.0 Transitional//EN"
    "http://www.w3.org/TR/xhtml1/DTD/xhtml1-transitional.dtd">
<html xmlns="http://www.w3.org/1999/xhtml" xml:lang="en" lang="en">
 <head>
  <title>
</title>
<meta http-equiv="Content-Type" content="text/html;charset=utf-8" />
  <meta name='ocr-system' content='tesseract 3.04.00' />
  <meta name='ocr-capabilities' content='ocr_page ocr_carea ocr_par ocr_line ocrx_word'/>
</head>
<body>
  <div class='ocr_page' id='page_1' title='image "./operaquextantom00aldhgoog_0254.png"; bbox 0 0 3759 5425; ppageno 0'>
   <div class='ocr_carea' id='block_1_1' title="bbox 456 602 1231 685">
    <p class='ocr_par' dir='ltr' id='par_1_1' title="bbox 456 602 1231 685">
     <span class='ocr_line' id='line_1_1' title="bbox 456 602 1231 685; baseline 0.001 -16"><span class='ocrx_word' id='word_1_1' title='bbox 456 602 519 669; x_wconf 73' lang='lat'><strong>226</strong></span> <span class='ocrx_word' id='word_1_2' title='bbox 727 622 885 671; x_wconf 80' lang='lat' dir='ltr'><strong>errsrom</strong></span> <span class='ocrx_word' id='word_1_3' title='bbox 901 622 945 668; x_wconf 77' lang='lat' dir='ltr'><strong>nn</strong></span> <span class='ocrx_word' id='word_1_4' title='bbox 961 617 1139 685; x_wconf 74' lang='lat' dir='ltr'><strong>scincum,</strong></span> <span class='ocrx_word' id='word_1_5' title='bbox 1156 613 1231 671; x_wconf 81' lang='lat' dir='ltr'><strong>arc.</strong></span> 
     </span>
    </p>
   </div>
   <div class='ocr_carea' id='block_1_2' title="bbox 457 774 1513 2268">
    <p class='ocr_par' dir='ltr' id='par_1_2' title="bbox 457 774 1513 2268">
     <span class='ocr_line' id='line_1_2' title="bbox 459 774 1511 861; baseline -0.003 -24"><span class='ocrx_word' id='word_1_6' title='bbox 459 774 595 839; x_wconf 90' lang='lat' dir='ltr'><strong>temonis</strong></span> <span class='ocrx_word' id='word_1_7' title='bbox 623 788 655 839; x_wconf 88' lang='lat' dir='ltr'><strong>et</strong></span> <span class='ocrx_word' id='word_1_8' title='bbox 686 778 818 861; x_wconf 83' lang='lat' dir='ltr'><strong>plaustri</strong></span> <span class='ocrx_word' id='word_1_9' title='bbox 848 777 952 841; x_wconf 83' lang='lat' dir='ltr'><strong>sidere</strong></span> <span class='ocrx_word' id='word_1_10' title='bbox 982 777 1135 859; x_wconf 81' lang='lat' dir='ltr'><strong>signatur.</strong></span> <span class='ocrx_word' id='word_1_11' title='bbox 1179 787 1211 842; x_wconf 81' lang='lat' dir='ltr'><strong>et</strong></span> <span class='ocrx_word' id='word_1_12' title='bbox 1237 775 1314 860; x_wconf 89' lang='lat' dir='ltr'><strong>quia</strong></span> <span class='ocrx_word' id='word_1_13' title='bbox 1341 778 1511 855; x_wconf 82' lang='lat' dir='ltr'><strong>nunqnam</strong></span> 
     </span>
     <span class='ocr_line' id='line_1_3' title="bbox 457 872 1513 960; baseline -0.004 -21"><span class='ocrx_word' id='word_1_14' title='bbox 457 894 629 939; x_wconf 79' lang='lat' dir='ltr'><strong>occasurus</strong></span> <span class='ocrx_word' id='word_1_15' title='bbox 643 897 768 959; x_wconf 83' lang='lat' dir='ltr'><strong>semper</strong></span> <span class='ocrx_word' id='word_1_16' title='bbox 782 876 918 940; x_wconf 89' lang='lat' dir='ltr'><strong>brumali</strong></span> <span class='ocrx_word' id='word_1_17' title='bbox 934 876 1041 941; x_wconf 82' lang='lat' dir='ltr'><strong>Circio</strong></span> <span class='ocrx_word' id='word_1_18' title='bbox 1056 875 1228 958; x_wconf 90' lang='lat' dir='ltr'><strong>copulatur</strong></span> <span class='ocrx_word' id='word_1_19' title='bbox 1249 883 1383 960; x_wconf 87' lang='lat' dir='ltr'><strong>propter</strong></span> <span class='ocrx_word' id='word_1_20' title='bbox 1398 872 1513 937; x_wconf 89' lang='lat' dir='ltr'><strong>vicini-</strong></span> 
     </span>
     <span class='ocr_line' id='line_1_4' title="bbox 458 975 1513 1060; baseline -0.003 -21"><span class='ocrx_word' id='word_1_21' title='bbox 458 982 556 1039; x_wconf 83' lang='lat' dir='ltr'><strong>tatem</strong></span> <span class='ocrx_word' id='word_1_22' title='bbox 575 976 658 1053; x_wconf 87' lang='lat' dir='ltr'><strong>axis,</strong></span> <span class='ocrx_word' id='word_1_23' title='bbox 673 998 738 1039; x_wconf 90' lang='lat' dir='ltr'><strong>non</strong></span> <span class='ocrx_word' id='word_1_24' title='bbox 752 977 910 1040; x_wconf 90' lang='lat' dir='ltr'><strong>immerito</strong></span> <span class='ocrx_word' id='word_1_25' title='bbox 925 976 1060 1059; x_wconf 74' lang='lat' dir='ltr'><strong>rigidam</strong></span> <span class='ocrx_word' id='word_1_26' title='bbox 1075 977 1189 1060; x_wconf 82' lang='lat' dir='ltr'><strong>priscoe</strong></span> <span class='ocrx_word' id='word_1_27' title='bbox 1202 976 1282 1059; x_wconf 83' lang='lat' dir='ltr'><strong>legis</strong></span> <span class='ocrx_word' id='word_1_28' title='bbox 1294 975 1513 1039; x_wconf 70' lang='lat' dir='ltr'><strong>austeritatem</strong></span> 
     </span>
     <span class='ocr_line' id='line_1_5' title="bbox 459 1075 1509 1159; baseline -0.004 -19"><span class='ocrx_word' id='word_1_29' title='bbox 459 1076 638 1156; x_wconf 70' lang='lat' dir='ltr'><strong>allegoricis</strong></span> <span class='ocrx_word' id='word_1_30' title='bbox 656 1076 878 1159; x_wconf 70' lang='lat' dir='ltr'><strong>aenigmatibus</strong></span> <span class='ocrx_word' id='word_1_31' title='bbox 899 1076 1092 1159; x_wconf 80' lang='lat' dir='ltr'><strong>praefigmat.</strong></span> <span class='ocrx_word' id='word_1_32' title='bbox 1137 1075 1225 1149; x_wconf 86' lang='lat' dir='ltr'><strong>Quid</strong></span> <span class='ocrx_word' id='word_1_33' title='bbox 1246 1076 1380 1140; x_wconf 83' lang='lat' dir='ltr'><strong>referam</strong></span> <span class='ocrx_word' id='word_1_34' title='bbox 1396 1075 1509 1138; x_wconf 80' lang='lat' dir='ltr'><strong>Atlan-</strong></span> 
     </span>
     <span class='ocr_line' id='line_1_6' title="bbox 459 1173 1509 1261; baseline -0.003 -22"><span class='ocrx_word' id='word_1_35' title='bbox 459 1174 542 1239; x_wconf 83' lang='lat' dir='ltr'><strong>tides</strong></span> <span class='ocrx_word' id='word_1_36' title='bbox 555 1177 776 1260; x_wconf 81' lang='lat' dir='ltr'><strong>patronymico</strong></span> <span class='ocrx_word' id='word_1_37' title='bbox 792 1176 896 1240; x_wconf 87' lang='lat' dir='ltr'><strong>dictas</strong></span> <span class='ocrx_word' id='word_1_38' title='bbox 911 1178 1070 1242; x_wconf 86' lang='lat' dir='ltr'><strong>vocabulo</strong></span> <span class='ocrx_word' id='word_1_39' title='bbox 1086 1198 1167 1261; x_wconf 87' lang='lat' dir='ltr'><strong>quas</strong></span> <span class='ocrx_word' id='word_1_40' title='bbox 1178 1177 1365 1241; x_wconf 84' lang='lat' dir='ltr'><strong>Graecomm</strong></span> <span class='ocrx_word' id='word_1_41' title='bbox 1381 1173 1509 1239; x_wconf 90' lang='lat' dir='ltr'><strong>traditio</strong></span> 
     </span>
     <span class='ocr_line' id='line_1_7' title="bbox 459 1276 1513 1359; baseline -0.004 -19"><span class='ocrx_word' id='word_1_42' title='bbox 459 1276 667 1359; x_wconf 85' lang='lat' dir='ltr'><strong>apluralitate</strong></span> <span class='ocrx_word' id='word_1_43' title='bbox 678 1276 838 1353; x_wconf 87' lang='lat' dir='ltr'><strong>Pleiadas,</strong></span> <span class='ocrx_word' id='word_1_44' title='bbox 849 1276 965 1340; x_wconf 84' lang='lat' dir='ltr'><strong>Latina</strong></span> <span class='ocrx_word' id='word_1_45' title='bbox 975 1278 995 1339; x_wconf 87' lang='lat' dir='ltr'><strong>a&#39;</strong></span> <span class='ocrx_word' id='word_1_46' title='bbox 1004 1277 1113 1340; x_wconf 87' lang='lat' dir='ltr'><strong>Verno</strong></span> <span class='ocrx_word' id='word_1_47' title='bbox 1124 1286 1267 1359; x_wconf 86' lang='lat' dir='ltr'><strong>tempore</strong></span> <span class='ocrx_word' id='word_1_48' title='bbox 1281 1276 1440 1358; x_wconf 82' lang='lat' dir='ltr'><strong>Vergilias</strong></span> <span class='ocrx_word' id='word_1_49' title='bbox 1453 1294 1513 1337; x_wconf 89' lang='lat' dir='ltr'><strong>seu</strong></span> 
     </span>
     <span class='ocr_line' id='line_1_8' title="bbox 459 1374 1509 1461; baseline 0 -21"><span class='ocrx_word' id='word_1_50' title='bbox 459 1377 667 1441; x_wconf 86' lang='lat' dir='ltr'><strong>amarulenta</strong></span> <span class='ocrx_word' id='word_1_51' title='bbox 682 1376 849 1461; x_wconf 90' lang='lat' dir='ltr'><strong>palmitum</strong></span> <span class='ocrx_word' id='word_1_52' title='bbox 859 1397 988 1441; x_wconf 81' lang='lat' dir='ltr'><strong>racemo</strong></span> <span class='ocrx_word' id='word_1_53' title='bbox 998 1378 1126 1440; x_wconf 88' lang='lat' dir='ltr'><strong>botrum</strong></span> <span class='ocrx_word' id='word_1_54' title='bbox 1135 1374 1394 1461; x_wconf 77' lang='lat' dir='ltr'><strong>nuncupaverat?</strong></span> <span class='ocrx_word' id='word_1_55' title='bbox 1427 1375 1509 1447; x_wconf 79' lang='lat' dir='ltr'><strong>Quae</strong></span> 
     </span>
     <span class='ocr_line' id='line_1_9' title="bbox 460 1477 1507 1562; baseline -0.002 -21"><span class='ocrx_word' id='word_1_56' title='bbox 460 1477 537 1541; x_wconf 91' lang='lat' dir='ltr'><strong>dum</strong></span> <span class='ocrx_word' id='word_1_57' title='bbox 546 1478 689 1562; x_wconf 88' lang='lat' dir='ltr'><strong>obliquis</strong></span> <span class='ocrx_word' id='word_1_58' title='bbox 699 1478 854 1541; x_wconf 82' lang='lat' dir='ltr'><strong>linearmn</strong></span> <span class='ocrx_word' id='word_1_59' title='bbox 865 1477 1055 1542; x_wconf 83' lang='lat' dir='ltr'><strong>infractibus</strong></span> <span class='ocrx_word' id='word_1_60' title='bbox 1065 1498 1085 1541; x_wconf 92' lang='lat' dir='ltr'><strong>a</strong></span> <span class='ocrx_word' id='word_1_61' title='bbox 1096 1478 1225 1542; x_wconf 91' lang='lat' dir='ltr'><strong>climate</strong></span> <span class='ocrx_word' id='word_1_62' title='bbox 1237 1478 1394 1542; x_wconf 87' lang='lat' dir='ltr'><strong>Orientali</strong></span> <span class='ocrx_word' id='word_1_63' title='bbox 1405 1496 1507 1541; x_wconf 88' lang='lat' dir='ltr'><strong>emer-</strong></span> 
     </span>
     <span class='ocr_line' id='line_1_10' title="bbox 458 1577 1510 1664; baseline -0.002 -23"><span class='ocrx_word' id='word_1_64' title='bbox 458 1590 646 1664; x_wconf 75' lang='lat' dir='ltr'><strong>gentesque</strong></span> <span class='ocrx_word' id='word_1_65' title='bbox 665 1599 815 1644; x_wconf 90' lang='lat' dir='ltr'><strong>croceum</strong></span> <span class='ocrx_word' id='word_1_66' title='bbox 831 1578 917 1643; x_wconf 88' lang='lat' dir='ltr'><strong>Solis</strong></span> <span class='ocrx_word' id='word_1_67' title='bbox 933 1579 1033 1663; x_wconf 88' lang='lat' dir='ltr'><strong>jubar</strong></span> <span class='ocrx_word' id='word_1_68' title='bbox 1054 1590 1202 1643; x_wconf 87' lang='lat' dir='ltr'><strong>exortum</strong></span> <span class='ocrx_word' id='word_1_69' title='bbox 1225 1580 1316 1643; x_wconf 85' lang='lat' dir='ltr'><strong>terris</strong></span> <span class='ocrx_word' id='word_1_70' title='bbox 1330 1577 1510 1642; x_wconf 87' lang='lat' dir='ltr'><strong>infunditur</strong></span> 
     </span>
     <span class='ocr_line' id='line_1_11' title="bbox 457 1679 1508 1763; baseline -0.002 -19"><span class='ocrx_word' id='word_1_71' title='bbox 457 1688 574 1745; x_wconf 87' lang='lat' dir='ltr'><strong>metam</strong></span> <span class='ocrx_word' id='word_1_72' title='bbox 590 1679 703 1745; x_wconf 89' lang='lat' dir='ltr'><strong>circuli</strong></span> <span class='ocrx_word' id='word_1_73' title='bbox 716 1689 883 1763; x_wconf 79' lang='lat' dir='ltr'><strong>peragtmt,</strong></span> <span class='ocrx_word' id='word_1_74' title='bbox 897 1680 1034 1763; x_wconf 87' lang='lat' dir='ltr'><strong>pulchre</strong></span> <span class='ocrx_word' id='word_1_75' title='bbox 1055 1680 1245 1744; x_wconf 83' lang='lat' dir='ltr'><strong>universalis</strong></span> <span class='ocrx_word' id='word_1_76' title='bbox 1259 1681 1418 1745; x_wconf 67' lang='lat' dir='ltr'><strong>Ecclesiae</strong></span> <span class='ocrx_word' id='word_1_77' title='bbox 1433 1699 1508 1762; x_wconf 87' lang='lat' dir='ltr'><strong>sep·</strong></span> 
     </span>
     <span class='ocr_line' id='line_1_12' title="bbox 459 1778 1508 1846; baseline -0.004 -1"><span class='ocrx_word' id='word_1_78' title='bbox 459 1782 611 1845; x_wconf 87' lang='lat' dir='ltr'><strong>tenariam</strong></span> <span class='ocrx_word' id='word_1_79' title='bbox 646 1781 874 1845; x_wconf 83' lang='lat' dir='ltr'><strong>charismatum</strong></span> <span class='ocrx_word' id='word_1_80' title='bbox 903 1780 1161 1844; x_wconf 85' lang='lat' dir='ltr'><strong>distributionem</strong></span> <span class='ocrx_word' id='word_1_81' title='bbox 1198 1779 1332 1846; x_wconf 90' lang='lat' dir='ltr'><strong>totidem</strong></span> <span class='ocrx_word' id='word_1_82' title='bbox 1367 1778 1508 1843; x_wconf 85' lang='lat' dir='ltr'><strong>sidorum</strong></span> 
     </span>
     <span class='ocr_line' id='line_1_13' title="bbox 458 1880 1507 1965; baseline -0.003 -20"><span class='ocrx_word' id='word_1_83' title='bbox 458 1882 599 1947; x_wconf 85' lang='lat' dir='ltr'><strong>claritate</strong></span> <span class='ocrx_word' id='word_1_84' title='bbox 613 1881 830 1964; x_wconf 72' lang='lat' dir='ltr'><strong>praefigurant.</strong></span> <span class='ocrx_word' id='word_1_85' title='bbox 874 1882 1041 1945; x_wconf 88' lang='lat' dir='ltr'><strong>Astrorum</strong></span> <span class='ocrx_word' id='word_1_86' title='bbox 1063 1902 1195 1965; x_wconf 88' lang='lat' dir='ltr'><strong>quoqne</strong></span> <span class='ocrx_word' id='word_1_87' title='bbox 1209 1881 1290 1945; x_wconf 91' lang='lat' dir='ltr'><strong>situs</strong></span> <span class='ocrx_word' id='word_1_88' title='bbox 1304 1902 1378 1964; x_wconf 83' lang='lat' dir='ltr'><strong>quae</strong></span> <span class='ocrx_word' id='word_1_89' title='bbox 1391 1880 1507 1960; x_wconf 80' lang='lat' dir='ltr'><strong>lingua</strong></span> 
     </span>
     <span class='ocr_line' id='line_1_14' title="bbox 457 1980 1508 2066; baseline -0.003 -21"><span class='ocrx_word' id='word_1_90' title='bbox 457 1981 645 2063; x_wconf 80' lang='lat' dir='ltr'><strong>Argivorum</strong></span> <span class='ocrx_word' id='word_1_91' title='bbox 669 1980 818 2046; x_wconf 87' lang='lat' dir='ltr'><strong>dicuntur</strong></span> <span class='ocrx_word' id='word_1_92' title='bbox 841 1980 981 2066; x_wconf 71' lang='lat' dir='ltr'><strong>Hyadas,</strong></span> <span class='ocrx_word' id='word_1_93' title='bbox 995 1981 1037 2045; x_wconf 89' lang='lat' dir='ltr'><strong>de</strong></span> <span class='ocrx_word' id='word_1_94' title='bbox 1059 1982 1177 2065; x_wconf 89' lang='lat' dir='ltr'><strong>quibus</strong></span> <span class='ocrx_word' id='word_1_95' title='bbox 1198 1982 1398 2045; x_wconf 85' lang='lat' dir='ltr'><strong>Mantuanus</strong></span> <span class='ocrx_word' id='word_1_96' title='bbox 1418 1988 1508 2043; x_wconf 85' lang='lat' dir='ltr'><strong>vates</strong></span> 
     </span>
     <span class='ocr_line' id='line_1_15' title="bbox 457 2080 761 2164; baseline 0 -19"><span class='ocrx_word' id='word_1_97' title='bbox 457 2081 574 2164; x_wconf 77' lang='lat' dir='ltr'><strong>legitur</strong></span> <span class='ocrx_word' id='word_1_98' title='bbox 589 2080 761 2147; x_wconf 87' lang='lat' dir='ltr'><strong>cecinisse:</strong></span> 
     </span>
     <span class='ocr_line' id='line_1_16' title="bbox 598 2193 1331 2268; baseline -0.001 -20"><span class='ocrx_word' id='word_1_99' title='bbox 598 2194 748 2261; x_wconf 74' lang='lat' dir='ltr'><strong>Arcturum,</strong></span> <span class='ocrx_word' id='word_1_100' title='bbox 760 2193 910 2268; x_wconf 84' lang='lat' dir='ltr'><strong>pluviasque</strong></span> <span class='ocrx_word' id='word_1_101' title='bbox 923 2195 1034 2265; x_wconf 79' lang='lat' dir='ltr'><strong>Hyades</strong></span> <span class='ocrx_word' id='word_1_102' title='bbox 1045 2195 1213 2265; x_wconf 72' lang='lat' dir='ltr'><strong>geminosque</strong></span> <span class='ocrx_word' id='word_1_103' title='bbox 1224 2194 1331 2258; x_wconf 64' lang='lat' dir='ltr'><strong>mones,</strong></span> 
     </span>
    </p>
   </div>
   <div class='ocr_carea' id='block_1_3' title="bbox 454 2316 1507 4502">
    <p class='ocr_par' dir='ltr' id='par_1_3' title="bbox 454 2316 1507 2814">
     <span class='ocr_line' id='line_1_17' title="bbox 457 2316 1507 2407; baseline -0.009 -20"><span class='ocrx_word' id='word_1_104' title='bbox 457 2330 490 2387; x_wconf 90' lang='lat' dir='ltr'><strong>et</strong></span> <span class='ocrx_word' id='word_1_105' title='bbox 511 2342 591 2407; x_wconf 88' lang='lat' dir='ltr'><strong>quas</strong></span> <span class='ocrx_word' id='word_1_106' title='bbox 612 2320 769 2384; x_wconf 81' lang='lat' dir='ltr'><strong>Romulea</strong></span> <span class='ocrx_word' id='word_1_107' title='bbox 794 2320 979 2384; x_wconf 85' lang='lat' dir='ltr'><strong>Latinitatis</strong></span> <span class='ocrx_word' id='word_1_108' title='bbox 1001 2320 1173 2405; x_wconf 84' lang='lat' dir='ltr'><strong>antiquitas</strong></span> <span class='ocrx_word' id='word_1_109' title='bbox 1188 2319 1326 2382; x_wconf 79' lang='lat' dir='ltr'><strong>Sucidas</strong></span> <span class='ocrx_word' id='word_1_110' title='bbox 1342 2316 1507 2394; x_wconf 85' lang='lat' dir='ltr'><strong>vocitarit,</strong></span> 
     </span>
     <span class='ocr_line' id='line_1_18' title="bbox 458 2417 1507 2508; baseline -0.007 -20"><span class='ocrx_word' id='word_1_111' title='bbox 458 2422 647 2508; x_wconf 79' lang='lat' dir='ltr'><strong>septiformis</strong></span> <span class='ocrx_word' id='word_1_112' title='bbox 661 2442 731 2486; x_wconf 89' lang='lat' dir='ltr'><strong>esse</strong></span> <span class='ocrx_word' id='word_1_113' title='bbox 753 2428 946 2484; x_wconf 89' lang='lat' dir='ltr'><strong>monstratur</strong></span> <span class='ocrx_word' id='word_1_114' title='bbox 960 2432 1033 2485; x_wconf 86' lang='lat' dir='ltr'><strong>ante</strong></span> <span class='ocrx_word' id='word_1_115' title='bbox 1055 2422 1191 2485; x_wconf 83' lang='lat' dir='ltr'><strong>frontem</strong></span> <span class='ocrx_word' id='word_1_116' title='bbox 1211 2418 1349 2483; x_wconf 86' lang='lat' dir='ltr'><strong>aethralis</strong></span> <span class='ocrx_word' id='word_1_117' title='bbox 1363 2417 1446 2481; x_wconf 90' lang='lat' dir='ltr'><strong>tauri</strong></span> <span class='ocrx_word' id='word_1_118' title='bbox 1459 2418 1507 2481; x_wconf 89' lang='lat' dir='ltr'><strong>lo·</strong></span> 
     </span>
     <span class='ocr_line' id='line_1_19' title="bbox 458 2517 1506 2607; baseline -0.009 -19"><span class='ocrx_word' id='word_1_119' title='bbox 458 2534 550 2588; x_wconf 90' lang='lat' dir='ltr'><strong>catus</strong></span> <span class='ocrx_word' id='word_1_120' title='bbox 563 2522 621 2607; x_wconf 92' lang='lat' dir='ltr'><strong>qui</strong></span> <span class='ocrx_word' id='word_1_121' title='bbox 636 2520 779 2585; x_wconf 89' lang='lat' dir='ltr'><strong>Zodiaco</strong></span> <span class='ocrx_word' id='word_1_122' title='bbox 792 2520 911 2585; x_wconf 90' lang='lat' dir='ltr'><strong>circulo</strong></span> <span class='ocrx_word' id='word_1_123' title='bbox 925 2520 1008 2583; x_wconf 89' lang='lat' dir='ltr'><strong>inter</strong></span> <span class='ocrx_word' id='word_1_124' title='bbox 1023 2520 1195 2585; x_wconf 88' lang='lat' dir='ltr'><strong>duodecim</strong></span> <span class='ocrx_word' id='word_1_125' title='bbox 1209 2518 1304 2600; x_wconf 79' lang='lat' dir='ltr'><strong>signa</strong></span> <span class='ocrx_word' id='word_1_126' title='bbox 1316 2517 1506 2583; x_wconf 88' lang='lat' dir='ltr'><strong>continetur.</strong></span> 
     </span>
     <span class='ocr_line' id='line_1_20' title="bbox 454 2621 1506 2702; baseline -0.008 -12"><span class='ocrx_word' id='word_1_127' title='bbox 454 2623 556 2690; x_wconf 79' lang='lat' dir='ltr'><strong>&#39;Unde</strong></span> <span class='ocrx_word' id='word_1_128' title='bbox 578 2622 802 2689; x_wconf 87' lang='lat' dir='ltr'><strong>Mathematici</strong></span> <span class='ocrx_word' id='word_1_129' title='bbox 827 2622 926 2686; x_wconf 89' lang='lat' dir='ltr'><strong>fatum</strong></span> <span class='ocrx_word' id='word_1_130' title='bbox 949 2622 1107 2687; x_wconf 78' lang='lat' dir='ltr'><strong>sonunam</strong></span> <span class='ocrx_word' id='word_1_131' title='bbox 1133 2623 1182 2686; x_wconf 85' lang='lat' dir='ltr'><strong>vel</strong></span> <span class='ocrx_word' id='word_1_132' title='bbox 1207 2621 1351 2702; x_wconf 82' lang='lat' dir='ltr'><strong>genesim</strong></span> <span class='ocrx_word' id='word_1_133' title='bbox 1376 2630 1431 2683; x_wconf 88' lang='lat' dir='ltr'><strong>aut</strong></span> <span class='ocrx_word' id='word_1_134' title='bbox 1451 2640 1506 2682; x_wconf 87' lang='lat' dir='ltr'><strong>su·</strong></span> 
     </span>
     <span class='ocr_line' id='line_1_21' title="bbox 459 2723 1358 2814; baseline -0.007 -22"><span class='ocrx_word' id='word_1_135' title='bbox 459 2749 571 2814; x_wconf 89' lang='lat' dir='ltr'><strong>prema</strong></span> <span class='ocrx_word' id='word_1_136' title='bbox 585 2728 758 2792; x_wconf 89' lang='lat' dir='ltr'><strong>Parcarum</strong></span> <span class='ocrx_word' id='word_1_137' title='bbox 773 2727 830 2789; x_wconf 89' lang='lat' dir='ltr'><strong>fila</strong></span> <span class='ocrx_word' id='word_1_138' title='bbox 843 2725 885 2789; x_wconf 91' lang='lat' dir='ltr'><strong>de</strong></span> <span class='ocrx_word' id='word_1_139' title='bbox 901 2726 1020 2810; x_wconf 88' lang='lat' dir='ltr'><strong>quibus</strong></span> <span class='ocrx_word' id='word_1_140' title='bbox 1033 2727 1128 2790; x_wconf 89' lang='lat' dir='ltr'><strong>Maro</strong></span> <span class='ocrx_word' id='word_1_141' title='bbox 1142 2726 1177 2788; x_wconf 92' lang='lat' dir='ltr'><strong>in</strong></span> <span class='ocrx_word' id='word_1_142' title='bbox 1192 2723 1358 2788; x_wconf 88' lang='lat' dir='ltr'><strong>Bucolicis</strong></span> 
     </span>
    </p>

    <p class='ocr_par' dir='ltr' id='par_1_4' title="bbox 596 2869 1269 2942">
     <span class='ocr_line' id='line_1_22' title="bbox 596 2869 1269 2942; baseline 0 -18"><span class='ocrx_word' id='word_1_143' title='bbox 596 2869 674 2924; x_wconf 87' lang='lat' dir='ltr'><strong>Talia</strong></span> <span class='ocrx_word' id='word_1_144' title='bbox 687 2871 798 2942; x_wconf 88' lang='lat' dir='ltr'><strong>(inquit)</strong></span> <span class='ocrx_word' id='word_1_145' title='bbox 808 2869 887 2924; x_wconf 83' lang='lat' dir='ltr'><strong>saerla</strong></span> <span class='ocrx_word' id='word_1_146' title='bbox 898 2871 953 2924; x_wconf 85' lang='lat' dir='ltr'><strong>suis</strong></span> <span class='ocrx_word' id='word_1_147' title='bbox 964 2871 1088 2925; x_wconf 86' lang='lat' dir='ltr'><strong>dixerunt</strong></span> <span class='ocrx_word' id='word_1_148' title='bbox 1098 2871 1192 2925; x_wconf 86' lang='lat' dir='ltr'><strong>currite</strong></span> <span class='ocrx_word' id='word_1_149' title='bbox 1202 2869 1269 2924; x_wconf 82' lang='lat' dir='ltr'><strong>fusis</strong></span> 
     </span>
    </p>

    <p class='ocr_par' dir='ltr' id='par_1_5' title="bbox 454 2954 1505 4275">
     <span class='ocr_line' id='line_1_23' title="bbox 598 2954 1189 3011; baseline 0.005 -3"><span class='ocrx_word' id='word_1_150' title='bbox 598 2955 746 3010; x_wconf 80' lang='lat' dir='ltr'><strong>Concordes</strong></span> <span class='ocrx_word' id='word_1_151' title='bbox 757 2955 846 3009; x_wconf 84' lang='lat' dir='ltr'><strong>stabili</strong></span> <span class='ocrx_word' id='word_1_152' title='bbox 857 2954 970 3010; x_wconf 83' lang='lat' dir='ltr'><strong>fatorum</strong></span> <span class='ocrx_word' id='word_1_153' title='bbox 980 2958 1087 3010; x_wconf 90' lang='lat' dir='ltr'><strong>numine</strong></span> <span class='ocrx_word' id='word_1_154' title='bbox 1099 2957 1189 3011; x_wconf 74' lang='lat' dir='ltr'><strong>Parca</strong></span> 
     </span>
     <span class='ocr_line' id='line_1_24' title="bbox 457 3078 1504 3162; baseline 0 -16"><span class='ocrx_word' id='word_1_155' title='bbox 457 3103 492 3146; x_wconf 87' lang='lat' dir='ltr'><strong>sa</strong></span> <span class='ocrx_word' id='word_1_156' title='bbox 519 3079 662 3144; x_wconf 86' lang='lat' dir='ltr'><strong>divinare</strong></span> <span class='ocrx_word' id='word_1_157' title='bbox 677 3087 709 3141; x_wconf 92' lang='lat' dir='ltr'><strong>et</strong></span> <span class='ocrx_word' id='word_1_158' title='bbox 728 3097 928 3160; x_wconf 86' lang='lat' dir='ltr'><strong>praenoscere</strong></span> <span class='ocrx_word' id='word_1_159' title='bbox 943 3098 1039 3162; x_wconf 84' lang='lat' dir='ltr'><strong>posse</strong></span> <span class='ocrx_word' id='word_1_160' title='bbox 1060 3078 1235 3143; x_wconf 88' lang='lat' dir='ltr'><strong>ridiculosa</strong></span> <span class='ocrx_word' id='word_1_161' title='bbox 1257 3079 1432 3144; x_wconf 87' lang='lat' dir='ltr'><strong>stoliditate</strong></span> <span class='ocrx_word' id='word_1_162' title='bbox 1454 3103 1504 3146; x_wconf 89' lang='lat' dir='ltr'><strong>ar-</strong></span> 
     </span>
     <span class='ocr_line' id='line_1_25' title="bbox 455 3178 1502 3266; baseline 0 -19"><span class='ocrx_word' id='word_1_163' title='bbox 455 3183 621 3247; x_wconf 88' lang='lat' dir='ltr'><strong>bitrantur.</strong></span> <span class='ocrx_word' id='word_1_164' title='bbox 644 3180 784 3242; x_wconf 90' lang='lat' dir='ltr'><strong>Necnon</strong></span> <span class='ocrx_word' id='word_1_165' title='bbox 796 3179 1017 3263; x_wconf 86' lang='lat' dir='ltr'><strong>etplantarnm</strong></span> <span class='ocrx_word' id='word_1_166' title='bbox 1029 3178 1136 3265; x_wconf 85' lang='lat' dir='ltr'><strong>dispar</strong></span> <span class='ocrx_word' id='word_1_167' title='bbox 1146 3180 1412 3263; x_wconf 76' lang='lat' dir='ltr'><strong>volubilitasque</strong></span> <span class='ocrx_word' id='word_1_168' title='bbox 1422 3203 1502 3266; x_wconf 81' lang='lat' dir='ltr'><strong>prae·</strong></span> 
     </span>
     <span class='ocr_line' id='line_1_26' title="bbox 457 3278 1501 3366; baseline -0.003 -18"><span class='ocrx_word' id='word_1_169' title='bbox 457 3280 588 3366; x_wconf 86' lang='lat' dir='ltr'><strong>cipitem</strong></span> <span class='ocrx_word' id='word_1_170' title='bbox 603 3279 677 3344; x_wconf 88' lang='lat' dir='ltr'><strong>coeli</strong></span> <span class='ocrx_word' id='word_1_171' title='bbox 687 3278 886 3360; x_wconf 78' lang='lat' dir='ltr'><strong>vertiginem,</strong></span> <span class='ocrx_word' id='word_1_172' title='bbox 896 3287 933 3343; x_wconf 87' lang='lat' dir='ltr'><strong>ut</strong></span> <span class='ocrx_word' id='word_1_173' title='bbox 947 3280 1070 3363; x_wconf 72' lang='lat' dir='ltr'><strong>praelati</strong></span> <span class='ocrx_word' id='word_1_174' title='bbox 1084 3301 1204 3357; x_wconf 89' lang='lat' dir='ltr'><strong>sumus,</strong></span> <span class='ocrx_word' id='word_1_175' title='bbox 1214 3278 1338 3344; x_wconf 85' lang='lat' dir='ltr'><strong>diverso</strong></span> <span class='ocrx_word' id='word_1_176' title='bbox 1345 3281 1501 3345; x_wconf 86' lang='lat' dir='ltr'><strong>lineamm</strong></span> 
     </span>
     <span class='ocr_line' id='line_1_27' title="bbox 458 3380 1505 3464; baseline 0 -16"><span class='ocrx_word' id='word_1_177' title='bbox 458 3383 582 3448; x_wconf 88' lang='lat' dir='ltr'><strong>tramite</strong></span> <span class='ocrx_word' id='word_1_178' title='bbox 616 3380 830 3455; x_wconf 85' lang='lat' dir='ltr'><strong>moderantur,</strong></span> <span class='ocrx_word' id='word_1_179' title='bbox 859 3381 1004 3464; x_wconf 86' lang='lat' dir='ltr'><strong>septenis</strong></span> <span class='ocrx_word' id='word_1_180' title='bbox 1040 3381 1202 3446; x_wconf 76' lang='lat' dir='ltr'><strong>stellantm</strong></span> <span class='ocrx_word' id='word_1_181' title='bbox 1231 3383 1398 3448; x_wconf 88' lang='lat' dir='ltr'><strong>curriculis</strong></span> <span class='ocrx_word' id='word_1_182' title='bbox 1425 3383 1505 3448; x_wconf 91' lang='lat' dir='ltr'><strong>licet</strong></span> 
     </span>
     <span class='ocr_line' id='line_1_28' title="bbox 454 3483 1503 3568; baseline 0.004 -20"><span class='ocrx_word' id='word_1_183' title='bbox 454 3484 608 3568; x_wconf 73' lang='lat' dir='ltr'><strong>inequali</strong></span> <span class='ocrx_word' id='word_1_184' title='bbox 621 3503 777 3547; x_wconf 91' lang='lat' dir='ltr'><strong>annorum</strong></span> <span class='ocrx_word' id='word_1_185' title='bbox 799 3503 917 3548; x_wconf 90' lang='lat' dir='ltr'><strong>corona</strong></span> <span class='ocrx_word' id='word_1_186' title='bbox 931 3492 1059 3548; x_wconf 88' lang='lat' dir='ltr'><strong>rotatur.</strong></span> <span class='ocrx_word' id='word_1_187' title='bbox 1104 3484 1172 3548; x_wconf 92' lang='lat' dir='ltr'><strong>Sed</strong></span> <span class='ocrx_word' id='word_1_188' title='bbox 1191 3495 1224 3549; x_wconf 87' lang='lat' dir='ltr'><strong>st</strong></span> <span class='ocrx_word' id='word_1_189' title='bbox 1236 3483 1327 3549; x_wconf 81' lang='lat' dir='ltr'><strong>furva</strong></span> <span class='ocrx_word' id='word_1_190' title='bbox 1339 3496 1503 3552; x_wconf 75' lang='lat' dir='ltr'><strong>noemma</strong></span> 
     </span>
     <span class='ocr_line' id='line_1_29' title="bbox 457 3582 1504 3666; baseline 0 -14"><span class='ocrx_word' id='word_1_191' title='bbox 457 3585 610 3652; x_wconf 69' lang='lat' dir='ltr'><strong>cecitatis</strong></span> <span class='ocrx_word' id='word_1_192' title='bbox 632 3584 777 3661; x_wconf 89' lang='lat' dir='ltr'><strong>latibula,</strong></span> <span class='ocrx_word' id='word_1_193' title='bbox 790 3583 832 3647; x_wconf 91' lang='lat' dir='ltr'><strong>de</strong></span> <span class='ocrx_word' id='word_1_194' title='bbox 854 3582 974 3666; x_wconf 89' lang='lat' dir='ltr'><strong>quibus</strong></span> <span class='ocrx_word' id='word_1_195' title='bbox 996 3594 1124 3648; x_wconf 87' lang='lat' dir='ltr'><strong>cantum</strong></span> <span class='ocrx_word' id='word_1_196' title='bbox 1147 3595 1208 3660; x_wconf 86' lang='lat' dir='ltr'><strong>est,</strong></span> <span class='ocrx_word' id='word_1_197' title='bbox 1222 3585 1335 3650; x_wconf 86' lang='lat' dir='ltr'><strong>Posuit</strong></span> <span class='ocrx_word' id='word_1_198' title='bbox 1356 3587 1504 3652; x_wconf 82' lang='lat' dir='ltr'><strong>tenebras</strong></span> 
     </span>
     <span class='ocr_line' id='line_1_30' title="bbox 455 3686 1503 3770; baseline -0.003 -17"><span class='ocrx_word' id='word_1_199' title='bbox 455 3689 624 3753; x_wconf 90' lang='lat' dir='ltr'><strong>latibulum</strong></span> <span class='ocrx_word' id='word_1_200' title='bbox 635 3705 739 3762; x_wconf 83' lang='lat' dir='ltr'><strong>snum,</strong></span> <span class='ocrx_word' id='word_1_201' title='bbox 749 3705 822 3769; x_wconf 74' lang='lat' dir='ltr'><strong>quaa</strong></span> <span class='ocrx_word' id='word_1_202' title='bbox 837 3694 917 3748; x_wconf 83' lang='lat' dir='ltr'><strong>tetro</strong></span> <span class='ocrx_word' id='word_1_203' title='bbox 929 3686 1052 3750; x_wconf 89' lang='lat' dir='ltr'><strong>telluris</strong></span> <span class='ocrx_word' id='word_1_204' title='bbox 1066 3688 1253 3751; x_wconf 90' lang='lat' dir='ltr'><strong>umbraculo</strong></span> <span class='ocrx_word' id='word_1_205' title='bbox 1267 3697 1417 3770; x_wconf 82' lang='lat' dir='ltr'><strong>generata</strong></span> <span class='ocrx_word' id='word_1_206' title='bbox 1429 3708 1503 3770; x_wconf 90' lang='lat' dir='ltr'><strong>per·</strong></span> 
     </span>
     <span class='ocr_line' id='line_1_31' title="bbox 455 3784 1504 3871; baseline -0.004 -18"><span class='ocrx_word' id='word_1_207' title='bbox 455 3787 743 3871; x_wconf 87' lang='lat' dir='ltr'><strong>hibentur,septem</strong></span> <span class='ocrx_word' id='word_1_208' title='bbox 752 3785 897 3869; x_wconf 85' lang='lat' dir='ltr'><strong>partibus</strong></span> <span class='ocrx_word' id='word_1_209' title='bbox 906 3784 1092 3866; x_wconf 80' lang='lat' dir='ltr'><strong>singillatim</strong></span> <span class='ocrx_word' id='word_1_210' title='bbox 1101 3787 1307 3870; x_wconf 86' lang='lat' dir='ltr'><strong>sequestratis</strong></span> <span class='ocrx_word' id='word_1_211' title='bbox 1313 3786 1504 3851; x_wconf 90' lang='lat' dir='ltr'><strong>dirimuntur</strong></span> 
     </span>
     <span class='ocr_line' id='line_1_32' title="bbox 456 3886 1501 3971; baseline 0.001 -19"><span class='ocrx_word' id='word_1_212' title='bbox 456 3889 519 3953; x_wconf 87' lang='lat' dir='ltr'><strong>boc</strong></span> <span class='ocrx_word' id='word_1_213' title='bbox 535 3897 585 3952; x_wconf 86' lang='lat' dir='ltr'><strong>est</strong></span> <span class='ocrx_word' id='word_1_214' title='bbox 598 3886 784 3965; x_wconf 87' lang='lat' dir='ltr'><strong>conticinio,</strong></span> <span class='ocrx_word' id='word_1_215' title='bbox 793 3886 998 3969; x_wconf 89' lang='lat' dir='ltr'><strong>intempesto,</strong></span> <span class='ocrx_word' id='word_1_216' title='bbox 1013 3889 1214 3971; x_wconf 88' lang='lat' dir='ltr'><strong>crepusculo,</strong></span> <span class='ocrx_word' id='word_1_217' title='bbox 1228 3898 1290 3952; x_wconf 89' lang='lat' dir='ltr'><strong>etc.</strong></span> <span class='ocrx_word' id='word_1_218' title='bbox 1320 3887 1501 3953; x_wconf 88' lang='lat' dir='ltr'><strong>Fidiculam</strong></span> 
     </span>
     <span class='ocr_line' id='line_1_33' title="bbox 456 3986 1503 4076; baseline -0.002 -20"><span class='ocrx_word' id='word_1_219' title='bbox 456 4011 585 4076; x_wconf 89' lang='lat' dir='ltr'><strong>qnoque</strong></span> <span class='ocrx_word' id='word_1_220' title='bbox 596 3986 748 4055; x_wconf 89' lang='lat' dir='ltr'><strong>concordi</strong></span> <span class='ocrx_word' id='word_1_221' title='bbox 757 3987 983 4052; x_wconf 90' lang='lat' dir='ltr'><strong>modulationis</strong></span> <span class='ocrx_word' id='word_1_222' title='bbox 992 3988 1159 4054; x_wconf 87' lang='lat' dir='ltr'><strong>harmonia</strong></span> <span class='ocrx_word' id='word_1_223' title='bbox 1166 3998 1368 4055; x_wconf 88' lang='lat' dir='ltr'><strong>resonantem</strong></span> <span class='ocrx_word' id='word_1_224' title='bbox 1378 3999 1503 4074; x_wconf 89' lang='lat' dir='ltr'><strong>septem</strong></span> 
     </span>
     <span class='ocr_line' id='line_1_34' title="bbox 457 4086 1504 4172; baseline -0.003 -16"><span class='ocrx_word' id='word_1_225' title='bbox 457 4099 603 4156; x_wconf 85' lang='lat' dir='ltr'><strong>constare</strong></span> <span class='ocrx_word' id='word_1_226' title='bbox 624 4087 745 4152; x_wconf 84' lang='lat' dir='ltr'><strong>fidibus</strong></span> <span class='ocrx_word' id='word_1_227' title='bbox 769 4086 925 4172; x_wconf 82' lang='lat' dir='ltr'><strong>rythmice</strong></span> <span class='ocrx_word' id='word_1_228' title='bbox 950 4089 1143 4154; x_wconf 87' lang='lat' dir='ltr'><strong>musicorum</strong></span> <span class='ocrx_word' id='word_1_229' title='bbox 1163 4091 1273 4172; x_wconf 76' lang='lat' dir='ltr'><strong>regula</strong></span> <span class='ocrx_word' id='word_1_230' title='bbox 1295 4087 1443 4168; x_wconf 86' lang='lat' dir='ltr'><strong>declarat,</strong></span> <span class='ocrx_word' id='word_1_231' title='bbox 1465 4099 1504 4153; x_wconf 91' lang='lat' dir='ltr'><strong>ut</strong></span> 
     </span>
     <span class='ocr_line' id='line_1_35' title="bbox 454 4189 991 4275; baseline -0.007 -19"><span class='ocrx_word' id='word_1_232' title='bbox 454 4189 608 4273; x_wconf 78' lang='lat' dir='ltr'><strong>Virgilius</strong></span> <span class='ocrx_word' id='word_1_233' title='bbox 987 4267 991 4275; x_wconf 30' lang='grc' dir='ltr'>Ι</span> 
     </span>
    </p>

    <p class='ocr_par' dir='ltr' id='par_1_6' title="bbox 454 4293 1504 4502">
     <span class='ocr_line' id='line_1_36' title="bbox 595 4293 1092 4366; baseline -0.006 -16"><span class='ocrx_word' id='word_1_234' title='bbox 595 4301 694 4366; x_wconf 80' lang='lat' dir='ltr'><strong>septam</strong></span> <span class='ocrx_word' id='word_1_235' title='bbox 707 4293 823 4366; x_wconf 87' lang='lat' dir='ltr'><strong>(inquit)</strong></span> <span class='ocrx_word' id='word_1_236' title='bbox 834 4295 983 4348; x_wconf 78' lang='lat' dir='ltr'><strong>discrirmm</strong></span> <span class='ocrx_word' id='word_1_237' title='bbox 994 4313 1092 4360; x_wconf 80' lang='lat' dir='ltr'><strong>vocum,</strong></span> 
     </span>
     <span class='ocr_line' id='line_1_37' title="bbox 454 4413 1504 4502; baseline 0.002 -24"><span class='ocrx_word' id='word_1_238' title='bbox 454 4425 578 4502; x_wconf 75' lang='lat' dir='ltr'><strong>septem</strong></span> <span class='ocrx_word' id='word_1_239' title='bbox 607 4413 702 4478; x_wconf 91' lang='lat' dir='ltr'><strong>simili</strong></span> <span class='ocrx_word' id='word_1_240' title='bbox 724 4414 821 4478; x_wconf 89' lang='lat' dir='ltr'><strong>modo</strong></span> <span class='ocrx_word' id='word_1_241' title='bbox 850 4415 1025 4499; x_wconf 85' lang='lat' dir='ltr'><strong>spiritualis</strong></span> <span class='ocrx_word' id='word_1_242' title='bbox 1053 4415 1257 4481; x_wconf 74' lang='lat' dir='ltr'><strong>bibliothece</strong></span> <span class='ocrx_word' id='word_1_243' title='bbox 1279 4418 1441 4491; x_wconf 87' lang='lat' dir='ltr'><strong>formulas,</strong></span> <span class='ocrx_word' id='word_1_244' title='bbox 1471 4427 1504 4480; x_wconf 86' lang='lat' dir='ltr'><strong>ct</strong></span> 
     </span>
    </p>
   </div>
   <div class='ocr_carea' id='block_1_4' title="bbox 1662 334 1671 701">
    <p class='ocr_par' dir='ltr' id='par_1_7' title="bbox 1662 334 1671 701">
     <span class='ocr_line' id='line_1_38' title="bbox 1662 334 1671 701; baseline 0 0"><span class='ocrx_word' id='word_1_245' title='bbox 1662 334 1671 701; x_wconf 87' lang='lat' dir='ltr'><strong>l</strong></span> 
     </span>
    </p>
   </div>
   <div class='ocr_carea' id='block_1_5' title="bbox 1662 1498 1671 2645">
    <p class='ocr_par' dir='ltr' id='par_1_8' title="bbox 1662 1484 1671 2665">
     <span class='ocr_line' id='line_1_39' title="bbox 1665 1498 1671 1627; baseline 0 264"><span class='ocrx_word' id='word_1_246' title='bbox 1665 1498 1671 1627; x_wconf 73' lang='grc'><strong>“</strong></span> 
     </span>
     <span class='ocr_line' id='line_1_40' title="bbox 1662 2520 1671 2645; baseline 0 0"><span class='ocrx_word' id='word_1_247' title='bbox 1662 2520 1671 2645; x_wconf 46' lang='grc' dir='ltr'>ι</span> 
     </span>
    </p>
   </div>
   <div class='ocr_carea' id='block_1_6' title="bbox 0 0 1884 5425">
    <p class='ocr_par' dir='ltr' id='par_1_9' title="bbox 0 0 1884 5425">
     <span class='ocr_line' id='line_1_41' title="bbox 0 0 1884 5425; baseline 0 1"><span class='ocrx_word' id='word_1_248' title='bbox 0 0 1884 5425; x_wconf 95' lang='lat' dir='ltr'><strong> </strong></span> 
     </span>
    </p>
   </div>
  </div>
 </body>
</html>
