3759 5425
431 691 492 749 18⁸2

742 709 788 756 DE
803 709 969 757 muninus
981 707 1163 758 fluctuum.

514 861 661 925 Exueret
672 861 827 926 mundum
841 872 878 927 ut
890 862 980 928 surm
994 863 1130 948 caligine
1145 861 1296 926 Christus

514 961 588 1034 Qus
599 982 704 1044 genus
717 964 892 1030 humanum
906 973 988 1028 tetro
1002 965 1148 1049 torpebat
1161 963 1196 1026 in
1211 965 1299 1038 orbe,

514 1062 694 1146 Usquequo
708 1066 841 1129 clarifici
854 1069 1008 1130 luxerunt
1021 1065 1143 1128 lumina
1156 1065 1246 1142 solis,

515 1163 567 1225 De
581 1155 646 1247 quo
655 1162 725 1248 jam
739 1166 861 1230 dudum
875 1167 1062 1231 cecinerunt
1076 1167 1172 1229 verba
1184 1165 1361 1248 prophetes.

554 1265 638 1330 Haec
652 1266 785 1350 inquam
799 1269 888 1350 virgo
902 1267 1028 1331 coelesti
1041 1266 1175 1350 pignore
1189 1265 1276 1341 freta,

514 1363 630 1428 Edidit
643 1387 685 1429 ex
700 1369 773 1431 alvo
787 1370 962 1432 salvantem
977 1368 1096 1431 surcula
1110 1385 1229 1447 regem,

512 1464 688 1546 Imperium
702 1469 816 1531 mundi
831 1471 919 1532 solus
933 1469 988 1552 qui
997 1468 1072 1551 juro
1085 1467 1251 1548 gubernat,

514 1566 563 1630 Ut
577 1565 698 1631 dudum
711 1569 858 1651 angelico
873 1570 970 1633 discit
985 1568 1171 1650 virguncula
1185 1567 1271 1630 satu:

514 1667 597 1732 Cum
611 1678 703 1751 pater
716 1668 906 1732 altithronus
921 1668 1053 1732 Gabriel
1069 1668 1207 1731 misisset
1221 1668 1261 1730 ab
1278 1667 1381 1744 astris,

513 1767 598 1830 Hmc
612 1768 682 1845 fuit,
697 1769 844 1851 egregius
858 1789 955 1854 quam
969 1769 1086 1853 promit
1099 1769 1239 1832 carmine
1253 1779 1352 1844 vates,

511 1868 576 1941 Qui
592 1869 732 1952 Solymis
746 1870 911 1955 quondam
926 1869 1016 1933 dives
1029 1869 1173 1952 regnavit
1188 1869 1223 1931 in
1237 1867 1329 1946 arvis,

512 1971 637 2032 Hortus
651 1973 825 2034 conclusus
838 1971 965 2034 florenti
982 1972 1098 2036 vertice
1111 1989 1259 2046 vernans,

509 2070 597 2133 Fons
612 2091 741 2155 quoque
756 2071 901 2152 signatus
915 2073 1039 2136 coelesti
1054 2072 1177 2153 gurgite
1192 2070 1328 2154 pollens,

510 2171 582 2234 Nec
598 2193 662 2234 non
678 2183 713 2236 et
726 2182 828 2236 turtur
840 2176 1004 2252 tremulus,
1020 2175 1072 2237 cui
1087 2171 1242 2256 praescius
1255 2169 1329 2234 iniit

509 2274 671 2354 Angelus:
706 2275 759 2336 En
775 2275 921 2338 sobolem
936 2276 1104 2358 generabis
1120 2273 1208 2356 virgo
1223 2291 1409 2354 perennem,

508 2375 615 2458 Atque
629 2374 832 2456 puerperium
847 2375 988 2459 paritura
1003 2395 1160 2459 puerpera
1174 2373 1297 2456 gignes.

508 2473 612 2538 Filius
627 2475 789 2539 altithroni
803 2477 924 2540 inustus
937 2477 1095 2541 vocitetur
1108 2476 1141 2537 in
1158 2493 1270 2538 aerum.

509 2575 649 2657 Spiritus
664 2597 683 2639 e
697 2577 780 2641 coelo
794 2577 902 2640 veniet
915 2577 1134 2641 sanctissimus
1149 2575 1182 2638 in
1198 2585 1240 2651 te,

508 2676 617 2741 Virtus
632 2697 704 2741 esse
717 2688 774 2742 tuo
788 2678 912 2742 confert
925 2679 1115 2743 umbracula
1128 2673 1239 2740 cordi:

507 2778 611 2841 Patris
625 2780 829 2843 obumbrabit
844 2788 875 2841 tc
891 2780 981 2861 virgo
995 2781 1080 2843 celsa
1094 2788 1244 2863 potestas.

508 2881 582 2952 Quo
597 2880 696 2958 dicto,
710 2880 819 2943 matris
834 2889 1019 2961 turgescunt
1033 2880 1155 2943 viscere
1167 2878 1259 2955 foetu,

507 2980 572 3051 Qui
588 2980 714 3060 genitus
728 2979 884 3042 mundum
898 2981 1079 3044 miseranda
1091 2980 1166 3043 labe
1180 2979 1319 3055 resolvit,

504 3081 612 3163 Atque
627 3078 804 3142 crucifixus
818 3082 971 3145 scelerata
985 3081 1114 3163 piacula
1128 3080 1252 3143 demsit.

546 3180 646 3242 Porro
662 3177 804 3243 Caecilia
819 3180 964 3244 vivacem
979 3181 1118 3244 condere
1133 3178 1263 3243 laudem

505 3281 586 3352 Quae
601 3280 705 3343 valcat
718 3278 814 3361 (ligne
828 3290 999 3344 metrorum
1014 3282 1134 3365 pagina
1146 3278 1260 3344 versu?

505 3383 588 3454 Qum
602 3400 756 3464 sponsum
769 3380 933 3465 proprium
949 3382 1106 3445 comertit
1120 3380 1267 3462 dogmate
1283 3390 1407 3459 sancto,

503 3482 625 3545 Melies
639 3481 775 3546 carnalis
789 3489 1002 3545 contemnens
1015 3480 1141 3545 ludicre
1154 3482 1263 3545 luxus.

503 3582 602 3646 Basia
616 3582 695 3645 dom
708 3582 818 3665 potius
833 3582 949 3645 dilexit
963 3581 1070 3645 dulcia
1085 3582 1218 3659 Christi,
1293 3634 1295 3636 .

504 3683 653 3747 Candida
666 3704 732 3768 prm
746 3683 890 3767 pulchris
904 3684 1123 3766 complectens
1138 3682 1222 3745 coila
1234 3682 1372 3760 lacertis,

505 3784 659 3857 Quamvis
672 3785 846 3849 harmoniis
859 3786 1047 3868 praesultent
1060 3804 1179 3866 organa
1192 3784 1315 3863 multis,

504 3885 634 3949 Musica
647 3885 754 3948 Pierio
768 3892 918 3948 resonent
931 3897 964 3948 et
978 3886 1119 3949 carmina
1134 3894 1251 3960 cantu3

504 3988 579 4051 Non
595 3997 702 4050 tamen
715 3985 822 4049 illexit
835 3985 932 4049 fallax
947 3984 1125 4069 praecordia
1139 3986 1255 4050 mentis

503 4089 629 4173 Pompa
642 4089 857 4170 profanorum,
871 4108 943 4171 quae
958 4088 1059 4152 nectit
1073 4088 1151 4151 retia
1165 4087 1294 4165 sanctis,

505 4189 557 4254 Ne
570 4189 650 4252 forte
665 4198 813 4272 properet
825 4187 964 4271 paradisi
979 4188 1020 4251 sd
1035 4188 1151 4269 gaudia
1165 4190 1266 4253 miles.

502 4290 625 4354 Talitcr
637 4290 759 4353 intereo
774 4290 973 4371 compellans
989 4289 1123 4352 vocibus
1136 4290 1220 4367 iniit,

501 4390 589 4452 Dum
604 4401 726 4453 secreta
740 4402 854 4474 petunt
868 4408 1024 4454 concessa
1038 4390 1110 4469 lege
1126 4402 1276 4453 tororum.

503 4490 645 4570 Angelus
660 4511 713 4563 an,
727 4489 843 4571 inquit,
859 4490 983 4572 superis
993 4488 1132 4553 tranavit
1146 4491 1188 4553 ab
1203 4490 1312 4554 astris:
