3759 5425
443 660 486 719 58
799 673 824 718 s.
841 669 1018 716 annuatur
1037 667 1138 716 trusa

440 824 577 901 diderat,
592 823 650 888 sed
669 823 788 890 editam
808 825 891 889 aitloe
912 836 1114 900 structuram,
1128 831 1164 886 ut
1177 821 1232 884 ille
1247 820 1380 905 sepiens
1401 840 1498 903 quern

439 923 672 1008 Evangelicum
697 924 852 988 describit
871 925 1046 1002 oraculum,
1068 921 1300 986 robustissimae
1320 932 1421 1005 petrae
1439 921 1498 986 im·

439 1027 560 1113 pontit,
571 1049 643 1112 quae
658 1027 737 1092 dum
753 1025 861 1091 crudis
875 1047 1044 1090 nervorum
1060 1025 1166 1107 flagris
1177 1025 1307 1088 truciter
1322 1022 1499 1087 cuderetur

440 1141 473 1196 et
492 1128 614 1193 crebris
628 1129 806 1211 palmarum
826 1125 1096 1190 contunsionibus
1116 1126 1351 1208 exalaparetur,
1367 1123 1497 1187 tandem

439 1232 475 1296 in
489 1229 680 1311 sartaginem
695 1229 828 1295 ferream
843 1249 919 1292 sevo
934 1238 968 1292 et
983 1228 1055 1311 pice
1071 1227 1293 1309 crepitantem,
1309 1237 1344 1288 ut
1358 1226 1390 1288 in
1408 1235 1497 1290 tanto

440 1342 598 1399 tormento
626 1332 797 1397 mnernma
825 1331 914 1410 virgo
940 1338 1119 1407 torreretur,
1144 1327 1299 1392 scandere
1322 1326 1415 1410 jussa
1437 1339 1495 1391 est.

440 1433 507 1503 Sed
526 1432 677 1498 Christus
697 1434 868 1506 clementie
886 1454 946 1497 sua
965 1432 1069 1508 solita,
1092 1452 1157 1515 qua
1181 1429 1397 1494 mediocribus
1419 1450 1496 1492 con·

440 1537 549 1604 sulcus
566 1545 600 1599 ct
618 1535 766 1600 conuitio
783 1534 881 1600 corde
907 1536 988 1598 ultro
1010 1533 1197 1612 miserescit,
1217 1531 1409 1596 flammantis
1431 1529 1496 1594 soci

438 1647 629 1722 potestatem
658 1639 859 1722 compressit,
883 1637 927 1700 ad
949 1637 1103 1719 inclytam
1125 1635 1266 1698 nominis
1288 1633 1337 1698 sni
1360 1633 1496 1715 gloriam

438 1738 600 1819 virgineos
613 1748 701 1804 artus
720 1739 762 1805 ab
776 1738 938 1820 ingruenti
953 1737 1124 1819 sartaginis
1138 1736 1239 1802 exitio
1254 1746 1402 1818 potenter
1421 1756 1495 1820 pru-

439 1840 532 1907 texit.
575 1839 742 1905 Postremo
757 1829 901 1906 'Claudio
924 1840 1052 1903 Cessare
1076 1840 1240 1923 ultroneos
1258 1837 1321 1900 Dei
1342 1849 1496 1920 martyres

439 1941 592 2024 ergastuli
618 1939 834 2024 squalloribus
855 1941 1020 2006 cruciante
1043 1953 1076 2010 et
1104 1940 1220 2009 edictis
1244 1939 1429 2004 crudelibus
1450 1941 1493 2004 ad

440 2043 647 2111 delubrorum
672 2045 870 2110 ceremonias
891 2055 1028 2128 cogente
1052 2044 1242 2109 sententiam
1272 2042 1495 2107 decollationis

440 2143 605 2228 accipiens
627 2163 693 2208 una
711 2163 786 2208 cum
804 2143 970 2229 Cypriane
989 2165 1055 2208 non
1072 2144 1141 2229 jam
1161 2144 1379 2213 necromantia
1402 2144 1495 2220 freto,

440 2245 500 2310 sed
526 2243 718 2328 pontificatu
747 2245 895 2328 predita,
917 2257 1123 2310 sacrosancto
1153 2245 1273 2309 cruoris
1303 2257 1387 2308 ostro
1417 2263 1493 2326 pur·

439 2347 590 2430 putescit.

481 2449 601 2514 XLIV.
624 2449 712 2522 Quid
737 2471 812 2517 vero
841 2451 969 2522 &atam
992 2449 1174 2532 Eugenium
1200 2451 1314 2534 loquer
1343 2447 1495 2531 perennis

439 2547 605 2631 pudicitie
629 2550 724 2616 sertis
748 2558 934 2615 coronatam
957 2561 990 2614 et
1012 2549 1135 2613 floridae
1158 2548 1351 2630 virginitatis
1372 2547 1494 2612 vexillo

440 2661 687 2737 armatamque
700 2673 775 2717 cnm
790 2651 892 2717 literis
906 2651 1094 2718 liberalibus
1109 2649 1241 2728 imbute,
1253 2650 1374 2713 Omnes
1388 2648 1493 2734 philo·

440 2753 612 2837 sophorum
634 2754 837 2837 syllogismos
858 2765 891 2819 et
911 2753 1048 2837 Epicuri
1069 2762 1174 2821 sectas
1197 2763 1294 2835 atque
1314 2752 1494 2817 Aristotelis

440 2865 637 2936 argumente,
663 2855 820 2938 simulque
850 2854 1092 2938 quinquennem
1122 2854 1302 2919 Stoicorum
1329 2854 1493 2919 taciturni·

440 2962 538 3019 tatem
554 2955 694 3038 perfecte
708 2954 808 3039 juxta
821 2955 1056 3041 sophismatum
1077 2952 1267 3037 disciplinas
1282 2954 1459 3033 didicisset,
1474 2980 1494 3021 a

439 3054 595 3139 Philippo
622 3068 713 3140 patre
741 3056 955 3139 interpellata,
984 3068 1016 3122 et
1046 3078 1066 3121 a
1094 3078 1194 3140 proco
1232 3058 1393 3141 generosis
1423 3070 1492 3121 orto

440 3156 600 3221 natalibus
637 3153 678 3219 ad
720 3155 849 3238 nuptias
883 3156 995 3238 petita,
1033 3156 1075 3219 ob
1112 3157 1268 3239 potiorem
1306 3156 1494 3238 virginitatis

439 3257 587 3340 gloriam,
608 3267 645 3325 ut
673 3276 790 3340 spurca
811 3258 1011 3340 sterquilinia
1039 3258 1168 3342 sprevit,
1196 3268 1231 3323 ut
1253 3259 1396 3343 projecta
1422 3280 1493 3343 per·

440 3359 566 3441 ipsema
594 3359 798 3444 contempsit,
827 3372 864 3423 ut
891 3362 1082 3425 cacabatum
1112 3362 1210 3428 lurra
1239 3362 1380 3443 fuliginis
1410 3374 1491 3427 atra·

440 3473 584 3529 mentum
611 3462 789 3540 exhorruit,
817 3474 851 3528 et
879 3462 921 3530 ad
958 3474 1135 3531 maternum
1172 3476 1293 3532 sanctae
1329 3464 1491 3529 Ecclesia

439 3563 593 3647 mutium
612 3574 718 3647 spreto
741 3564 898 3631 basterna
913 3564 1072 3644 vehiculo,
1087 3577 1119 3629 et
1142 3565 1259 3629 relictis
1279 3565 1491 3649 parasitorum

440 3665 654 3749 pedissequis,
667 3666 804 3747 geminis
819 3676 941 3731 tantum
957 3668 1109 3735 comitata
1124 3667 1322 3751 spadonibus
1337 3666 1493 3750 perrexit.

439 3766 555 3850 ibique
570 3767 773 3851 baptismatis
784 3778 1018 3835 sacramentum
1034 3780 1237 3853 perceptura,
1248 3790 1285 3833 ae
1301 3769 1492 3833 coenobialis

438 3866 561 3932 militias
586 3867 789 3948 tyrocinium,
810 3889 876 3931 uon
901 3868 1099 3933 muliebriter
1122 3870 1296 3952 quesitum,
1318 3868 1398 3933 rasis
1420 3869 1490 3933 cin·

440 3966 584 4034 cinorum
600 3966 764 4036 criniculis
779 3970 839 4031 snb
854 3979 984 4033 tonsura
998 3969 1166 4035 masculini
1181 3990 1280 4035 sexus
1295 3982 1407 4033 contra
1415 3970 1491 4054 jura

438 4078 560 4137 natue
571 4082 751 4135 sauctorum
766 4069 906 4135 coetibns
915 4069 1117 4153 adgregetur,
1127 4084 1160 4135 et
1174 4074 1354 4139 militonum
1369 4074 1488 4141 Christi

438 4171 572 4237 catenis
596 4169 667 4235 sine
690 4170 845 4236 castitatis
870 4172 1020 4239 cicatrice
1045 4174 1134 4236 salso
1163 4174 1298 4257 pudoris
1323 4175 1489 4256 signaculo

438 4272 635 4341 adsciscitur·
680 4272 783 4349 Quam
798 4294 872 4337 cunr
887 4276 993 4339 omnis
1008 4278 1179 4357 parentelae
1194 4278 1251 4360 pia
1265 4279 1490 4363 propinquitas

438 4383 473 4442 et
505 4374 668 4441 astruas
706 4376 868 4445 clientela
904 4374 1082 4443 domestica
1124 4378 1308 4449 sollicitudo
1349 4380 1488 4448 fortuitis

434 4474 615 4557 mamma
639 4475 767 4543 casibus
792 4476 1006 4554 arbitraretur,
1029 4489 1061 4543 et
1085 4482 1171 4551 velut
1193 4481 1415 4565 Proserpinam
1438 4480 1488 4557 (ut
