3759 5425
659 731 702 779 ns
718 730 884 779 muamus
900 729 1081 778 mnemon.
1336 715 1395 776 177

432 883 598 965 Angelicis
611 884 724 948 turmis
738 883 780 947 ad
794 885 870 948 coeli
883 884 989 948 sidera
1004 894 1142 963 vectum,

431 979 635 1066 Pulcbraque
649 995 812 1068 perpetua
826 997 1046 1070 penetrantem
1061 987 1175 1051 limina
1188 984 1272 1050 vita.

474 1083 635 1168 Tempore
643 1085 714 1170 jam
728 1087 836 1170 prisco
849 1087 910 1150 fuit
923 1089 1118 1170 Apollonius
1133 1087 1244 1150 almus.

429 1182 546 1248 Edidit
558 1186 646 1249 hunc
662 1185 764 1269 signis
779 1187 900 1252 clarum
915 1189 1058 1253 Nilotica
1072 1187 1178 1267 tellus,

430 1284 498 1349 Hic
513 1298 581 1350 erat
593 1287 628 1349 in
644 1286 799 1371 quadrum
814 1289 963 1369 vulgatus
976 1287 1126 1354 laudibus
1140 1288 1261 1361 orbem,

428 1384 583 1450 Probens
597 1387 783 1470 exemplum
798 1387 984 1472 quingentis
998 1389 1148 1453 fratribus
1162 1407 1303 1472 aequum,

428 1483 474 1548 Et
487 1486 664 1569 pubertatis
679 1485 839 1550 desertum
854 1497 997 1572 tempore
1014 1487 1137 1573 quaerit.

428 1584 515 1648 Nam
530 1594 578 1650 ter
592 1586 809 1671 quinquennis
823 1589 972 1652 mortales
987 1587 1113 1669 aufugit
1128 1588 1227 1650 ultro:

425 1683 492 1748 Hic
508 1694 624 1749 octena
638 1687 732 1749 simul
746 1706 939 1750 conversans
953 1689 1053 1752 lustra
1066 1685 1198 1772 peregit.

430 1783 564 1850 Centies
578 1807 718 1850 exorans
731 1788 898 1852 nocturnis
912 1787 1010 1853 ferme
1024 1789 1166 1865 latebris,

430 1882 477 1948 Et
489 1886 624 1951 totidem
638 1888 765 1953 vicibus
779 1887 826 1951 sic
842 1889 944 1970 gessit
956 1890 1037 1954 forte
1052 1889 1184 1953 diurnis.

433 1985 479 2049 Ut
492 1988 631 2069 genibus
645 1989 750 2067 flexis,
765 1998 798 2052 et
811 2009 909 2053 curvo
924 1990 1048 2075 poplite
1061 1999 1184 2073 patrem

429 2084 576 2152 cernuus
591 2100 694 2154 oraret
709 2090 806 2154 fretus
820 2090 938 2172 pietate
954 2091 1105 2155 tonantis.

429 2185 574 2273 Stuppea
587 2191 642 2254 cui
655 2190 781 2254 fuerant
794 2190 883 2274 pepli
899 2191 1057 2255 velamina
1071 2192 1162 2270 texti,

429 2288 542 2353 Donec
559 2290 698 2372 degebat
712 2312 877 2374 nunquam
892 2312 1027 2376 passura
1042 2303 1204 2356 senectam

432 2387 555 2454 Glaruit
568 2389 690 2455 idcirco
705 2391 824 2454 celebri
837 2411 965 2455 rumore
980 2411 1163 2456 coruscans.

431 2489 516 2554 Nam
529 2511 657 2574 pagana
670 2491 782 2575 procul
794 2491 882 2574 vulgi
897 2493 1021 2556 cultura
1035 2493 1195 2566 manebat,

430 2591 502 2663 Qua
516 2591 603 2655 stetit
617 2592 750 2676 antiquo
766 2589 932 2656 delubrum
948 2612 1034 2656 more
1052 2589 1211 2656 dicatum:

430 2690 510 2758 Inde
525 2693 706 2759 sacerdotes
721 2694 832 2759 crebro
847 2692 1018 2757 simulacra
1032 2693 1178 2770 ferentes,

428 2794 647 2859 Bacchantum
661 2796 723 2859 ritu
737 2794 845 2877 longis
858 2793 1054 2858 anfractibus
1067 2804 1182 2857 errant.

426 2895 546 2960 Taliter
558 2904 596 2960 ut
608 2894 690 2959 vidit
703 2896 868 2959 dementes
883 2894 963 2959 forte
978 2895 1137 2973 cohortes,

427 2996 585 3061 Fanomm
600 3007 736 3061 statuam
750 3017 807 3081 per
821 3018 935 3080 gyrum
948 2996 1029 3060 ferre
1044 2994 1225 3061 nefandam.

425 3098 508 3162 Tum
522 3098 619 3161 flexis
634 3098 770 3180 genibus
783 3098 934 3181 pulsabat
946 3118 1026 3162 voce
1039 3106 1220 3162 tonantem:

428 3198 472 3263 Et
485 3220 563 3263 mox
579 3210 661 3263 stare
676 3199 755 3262 facit
767 3198 964 3263 bacchantes
979 3198 1105 3281 agmine
1120 3208 1250 3277 turmas,

424 3299 582 3364 Funditus
596 3310 633 3364 ut
646 3300 754 3364 nullus
767 3321 841 3363 cum
856 3300 976 3383 plantis
991 3309 1137 3385 pergeret
1150 3320 1306 3386 usquam:

424 3399 487 3464 Sed
500 3400 609 3465 cuncti
624 3400 753 3485 pariter,
766 3402 858 3465 velus
872 3423 964 3465 oenea
978 3402 1068 3483 signa
1082 3401 1240 3481 rigebant.

424 3500 560 3566 Torrida
572 3502 736 3585 flagrantis
749 3502 892 3586 perpessi
906 3502 1030 3565 lumina
1045 3501 1122 3566 solis

422 3600 509 3666 Dum
524 3603 598 3685 plus
613 3604 723 3666 aestivo
737 3604 876 3667 torrebat
889 3612 1033 3687 tempore
1048 3602 1154 3665 Titan.

423 3704 550 3768 Interes
562 3704 716 3768 damnum
731 3702 807 3767 dum
821 3715 938 3768 norunt
952 3702 1039 3767 unde
1055 3702 1177 3779 fuisset,

423 3803 563 3868 Credula
578 3804 730 3869 doctrinm
745 3804 906 3889 spondent
920 3802 1100 3889 praecordia
1114 3803 1228 3880 verbis,

422 3902 564 3986 Mystico
578 3905 717 3969 coelestis
731 3912 893 3968 sumentes
907 3902 994 3966 dona
1007 3902 1136 3979 lavacri,

421 4006 550 4069 AEmula
565 4006 591 4068 si
607 4006 759 4089 precibus
774 4005 951 4089 disrumpat
966 4004 1070 4067 vincla
1085 4002 1251 4081 sacerdos;

422 4104 576 4170 Passibus
590 4114 626 4168 ut
641 4105 786 4188 properis
801 4114 917 4167 tramea
931 4123 989 4187 per
1003 4123 1075 4166 rura
1089 4110 1241 4185 patescat,

422 4206 468 4269 Et
480 4205 608 4290 possint
621 4203 717 4268 solito
731 4214 900 4287 pergentes
914 4203 997 4266 calle
1013 4222 1129 4266 meare.

421 4307 485 4369 llle
499 4326 606 4368 moras
619 4306 707 4389 mpit
720 4302 855 4368 tundens
869 4303 1012 4368 oramina
1027 4323 1149 4365 sursum

421 4406 508 4471 Dum
523 4407 643 4470 crebris
659 4405 783 4470 vicibus
798 4406 917 4470 celsum
933 4404 1083 4488 pulsabat
1097 4404 1271 4489 olympum.

419 4506 473 4571 Sic
490 4517 577 4571 sator
590 4507 768 4571 arcitenens
783 4505 928 4571 dissolvit
944 4504 1085 4589 compita
1098 4508 1218 4585 clausa,

845 4624 868 4670 rt
