3759 5425
446 584 488 642 26
804 595 830 641 s.
845 593 1022 641 annuatur
1038 594 1141 641 meaa

446 760 556 824 tatem,
578 772 650 834 quae
672 758 722 812 est
747 748 889 813 omniurn
911 747 1025 829 regina
1046 748 1206 826 virtutum,
1228 761 1262 813 et
1281 748 1405 813 fructus
1426 770 1503 833 per·

445 862 554 934 petuae
582 849 793 933 Virginitatis.
840 850 1016 930 Virginitas
1044 871 1135 913 soror
1162 862 1213 914 est
1239 854 1438 934 Angelomm
1467 862 1505 914 et

446 954 589 1017 omnium
604 955 761 1017 bonorum
781 951 956 1035 possessio,
969 951 1147 1034 Virginitas
1162 952 1297 1018 victoria
1315 953 1504 1033 libidinum,

446 1053 626 1137 uophaeum
655 1051 743 1131 fidei,
771 1052 906 1117 victoria
942 1052 982 1116 de
1018 1053 1170 1130 inimicis,
1199 1062 1233 1118 et
1261 1056 1334 1119 ritas
1370 1066 1501 1119 aeternae

445 1156 608 1221 securitas.
645 1156 699 1218 En
714 1154 910 1237 Apostolicae
926 1156 1059 1235 claugor
1071 1155 1219 1220 buccinas
1234 1157 1322 1220 velut
1334 1158 1499 1220 tonitruali

444 1258 565 1341 fragore
586 1278 797 1341 concrepans,
820 1254 952 1321 devotas
967 1257 1136 1338 virgiuum
1158 1270 1284 1322 mentes
1305 1258 1348 1321 ad
1366 1259 1498 1341 integri·

444 1363 520 1427 tatis
548 1363 670 1426 cultum
705 1362 898 1437 cohortatur,
927 1359 1005 1424 dum
1033 1381 1104 1423 eam
1141 1360 1307 1426 immensis
1334 1384 1498 1427 mmorum

443 1464 595 1529 laudibus
608 1464 818 1547 prosequitur.

487 1568 610 1631 XXIV.
637 1565 768 1643 Paulus,
790 1564 913 1629 dudum
937 1566 1066 1643 Saulus,
1088 1586 1145 1629 vas
1168 1565 1345 1643 electionis,
1366 1564 1499 1647 typicus

445 1666 617 1752 Benjamin
634 1668 822 1746 crepusculo
844 1666 1002 1729 decoram
1020 1666 1164 1749 predas,
1194 1668 1321 1746 Vesperi
1340 1665 1500 1729 &rimeris

444 1768 626 1848 manubias,
646 1768 704 1853 qui
728 1768 941 1852 pithonissam
967 1768 1194 1836 necromantias
1215 1768 1329 1851 spiritu
1350 1766 1499 1831 falsitatis

444 1872 557 1935 frivola
585 1869 814 1934 vaticinantem
851 1879 884 1933 et
911 1871 954 1933 ob
992 1872 1054 1933 hoc
1091 1880 1295 1953 sumptuosas
1329 1890 1499 1953 procerum

445 1972 626 2055 opulentias
662 1970 830 2035 affluenter
859 1974 1087 2050 cumulantem,
1116 1992 1279 2056 gazasque
1315 1984 1497 2056 quaestuum

446 2073 611 2137 delitiosus
622 2070 752 2135 adfatim
766 2074 1016 2154 locupletantem
1026 2082 1125 2136 mutae
1138 2072 1360 2137 tacitumitatis
1372 2070 1498 2134 salvam

446 2174 544 2239 labris
557 2173 750 2257 procacibus
767 2194 931 2256 opponere
946 2174 1082 2256 imperio
1102 2181 1238 2237 terrente
1254 2173 1381 2254 coagit3
1418 2172 1497 2244 Qui-

447 2298 509 2361 que
531 2275 656 2352 (mirum
678 2274 777 2355 dictu)
799 2286 913 2357 quater
931 2295 1025 2337 senas
1043 2275 1077 2337 in
1098 2273 1199 2337 lirndo
1219 2274 1315 2338 maris
1334 2272 1497 2357 profundo

446 2398 559 2461 sospes
575 2376 726 2458 transegit
743 2374 848 2453 boras,
864 2386 960 2457 atque
976 2376 1149 2459 quinquies
1169 2375 1389 2460 quadragenas
1407 2395 1497 2439 acer·

444 2480 526 2543 rimo
542 2478 741 2543 crudelitatis
756 2488 914 2540 tonuento
930 2500 995 2541 una
1008 2479 1115 2542 minus
1129 2479 1265 2562 accepit.
1311 2478 1430 2541 Nonne
1451 2478 1496 2540 ob

446 2603 534 2666 puras
558 2578 746 2663 integritatis
775 2580 1017 2662 prerogativam
1041 2579 1167 2642 tertium
1189 2580 1300 2661 polum
1323 2598 1498 2661 peragrans

446 2706 656 2770 supernorum
678 2684 794 2748 civium
816 2704 932 2748 arcana
954 2684 1052 2748 castis
1074 2683 1239 2747 obtutibus
1261 2683 1499 2765 contemplatur

446 2799 479 2853 et
493 2790 633 2852 coelestis
647 2788 767 2850 militias
785 2788 931 2851 abstrusa
945 2787 1101 2851 ineffabili
1120 2807 1225 2850 rernm
1239 2788 1341 2850 relatu
1356 2788 1497 2864 rimatur,

445 2891 524 2953 licet
538 2890 715 2966 Revelatio,
731 2909 829 2971 quam
849 2889 963 2953 dicunt
976 2891 1078 2967 Pauli,
1092 2890 1126 2953 in
1146 2910 1229 2952 nave
1243 2910 1339 2952 aurea
1353 2889 1498 2952 florentis

446 2989 584 3076 paradisi
599 2989 723 3054 delitias
743 2988 881 3053 eundem
897 2989 1002 3055 adisse
1021 2992 1148 3072 garriat.
1194 2989 1260 3054 Sed
1279 2990 1327 3053 fas
1349 2988 1495 3052 divinum

445 3102 531 3156 vetat
559 3090 739 3156 Catlrolicae
768 3090 845 3154 fidei
875 3091 1069 3176 sequipedas
1097 3092 1172 3174 plus
1197 3090 1375 3174 quippiam,
1396 3111 1495 3173 quam

444 3193 609 3258 canonicae
631 3191 771 3254 veritatis
794 3213 931 3255 censura
952 3192 1143 3274 promulgat,
1165 3190 1304 3268 credere,
1326 3201 1359 3254 et
1378 3202 1497 3254 caetera

445 3293 701 3378 Apocriphoruru
738 3288 945 3356 deliramenta
974 3293 1023 3355 vel
1060 3304 1096 3355 ut
1131 3292 1298 3355 horrisona
1326 3293 1494 3355 verborum

445 3396 583 3462 tonitrua
612 3395 741 3479 penitus
776 3393 927 3457 abdicare
964 3406 996 3456 et
1030 3395 1144 3475 procul
1179 3393 1355 3467 eliminare,
1384 3395 1494 3458 ortho-

445 3501 603 3565 doxorum
618 3507 744 3583 patrum
759 3497 841 3560 scita
855 3496 983 3578 scriptis
997 3494 1213 3560 decretalibus
1227 3507 1414 3558 sanxemnt.

488 3602 595 3666 Lucas
609 3621 755 3686 praesago
770 3597 862 3661 vituli
882 3599 1074 3662 simulachro
1094 3600 1135 3662 ab
1151 3598 1327 3662 Ezechiele
1342 3596 1493 3680 designa·

443 3716 506 3782 tus,
529 3716 562 3767 et
583 3703 693 3766 tertius
716 3699 923 3780 Evangelicae
949 3698 1186 3782 predicationis
1207 3700 1494 3783 historiographus,

444 3805 501 3888 qui
524 3801 611 3886 apud
633 3799 838 3865 Antiochiam
860 3799 1052 3864 medicinale
1081 3804 1279 3884 cataplasma
1307 3821 1493 3884 procurans,

444 3907 547 3991 primo
558 3905 747 3988 purulentas
758 3923 926 3987 corporum
939 3904 1137 3967 valemdincs
1147 3914 1180 3966 et
1191 3917 1324 3986 aegrotas
1336 3905 1493 3967 viscerum

445 4010 554 4087 fibras,
569 4028 607 4071 ac
623 4006 742 4070 deinde
757 4007 917 4090 spiritales
932 4008 1109 4071 animamm
1124 4005 1414 4083 incommoditates,
1429 4020 1493 4070 tor·

443 4113 514 4176 ride
546 4110 731 4190 dogmatum
762 4107 913 4186 cauterio,
943 4130 1001 4172 seu
1030 4107 1131 4172 divini
1160 4110 1248 4172 verbi
1280 4107 1491 4192 phlebotomo

443 4211 610 4275 salubriter
639 4209 783 4282 sanabat,
814 4231 916 4293 usque
952 4210 1230 4292 sepmagenarium
1267 4232 1305 4273 ac
1342 4221 1490 4294 quartum

443 4309 545 4374 etatis
560 4329 679 4372 annum
694 4307 823 4372 illibatae
842 4309 998 4373 castitatis
1019 4331 1128 4374 comes
1145 4309 1379 4393 pudicissimus
1401 4331 1491 4374 mau-

440 4412 522 4478 sisse
550 4419 751 4473 memoratur.
812 4409 914 4490 Igitur
945 4431 1018 4473 cum
1049 4413 1195 4491 generale
1226 4413 1338 4476 mortis
1366 4425 1490 4474 natura
