3759 5425
445 723 505 784 170

758 743 801 789 ult
817 741 984 790 tenorent
1000 741 1181 790 tritomum.

530 894 625 958 Tunc
641 893 769 960 demum
784 899 922 979 Augusti
937 897 994 982 qui
1010 897 1124 962 &mn
1139 917 1237 979 regna
1253 896 1394 977 gerebat,

532 995 671 1060 Decreto
687 998 797 1063 rubras
811 1010 1014 1084 sumpserunt
1028 1010 1128 1063 morte
1143 1018 1289 1075 corones,

529 1097 575 1161 Et
590 1098 685 1161 simul
700 1099 735 1162 in
749 1113 862 1184 crypta
874 1113 1015 1184 pansant
1029 1100 1161 1164 sablone
1177 1097 1306 1183 sepulti,

530 1199 621 1271 Quos
635 1200 731 1264 simul
745 1200 778 1264 io
793 1203 858 1266 vita
870 1201 998 1266 vexavit
1012 1222 1109 1285 prena
1123 1211 1268 1276 cruenta,

531 1301 704 1366 Credimus
719 1313 756 1366 ut
769 1302 880 1368 faustis
893 1304 1085 1386 glomeratos
1095 1301 1169 1385 jure
1181 1299 1317 1364 catervis

530 1403 583 1465 De
598 1404 717 1484 gremio
732 1405 858 1481 tumuli,
870 1425 943 1468 cum
959 1404 1055 1467 tellus
1071 1414 1186 1486 sponte
1201 1401 1357 1478 dehiscet,

531 1503 578 1566 Et
591 1505 706 1568 Genus
719 1505 894 1569 humanum
909 1505 1030 1570 tumbis
1044 1505 1206 1568 emerserit
1219 1503 1309 1580 atris,

529 1605 669 1671 Suscitet
684 1606 727 1671 ad
743 1608 898 1693 requiem,
914 1607 1068 1672 mundum
1085 1606 1162 1671 dum
1177 1607 1267 1670 laxat
1282 1605 1427 1669 habenis.

572 1707 732 1792 Tempore
745 1720 906 1773 uanmcto
922 1719 1068 1774 sanctam
1084 1709 1256 1790 gentilibus
1271 1706 1368 1770 armis

531 1809 715 1874 Ecclesiam
731 1809 852 1876 Christi
867 1822 1041 1896 tempestas
1056 1831 1141 1874 saeva
1155 1819 1336 1884 cruentans,

528 1912 726 1996 Martyribus
739 1913 838 1977 sacris
852 1913 962 1977 mortis
978 1911 1166 1978 discrimina
1179 1910 1268 1974 mille

530 2013 721 2096 Conglohnt,
735 2015 881 2078 insontes
896 2025 1048 2098 torquens
1063 2013 1131 2076 sine
1146 2010 1278 2076 crimine
1293 2009 1408 2092 culpae.

530 2119 577 2183 Ut
591 2118 684 2183 miles
699 2118 820 2183 Christi
835 2119 944 2182 stricto
960 2138 1112 2182 mucrone
1128 2127 1258 2180 necaret

528 2221 635 2303 Impia
648 2229 802 2284 tortorum
817 2240 891 2284 cum
906 2219 1001 2283 ferret
1016 2219 1114 2300 tlagra
1128 2218 1292 2281 melorum.

530 2324 607 2387 Hos
621 2323 715 2401 inter,
732 2321 864 2406 quidam
878 2322 1029 2386 Julianus
1043 2321 1173 2384 nomine
1189 2321 1323 2402 Martyr,

529 2424 671 2490 Horrida
685 2423 872 2506 sanguineis
887 2425 1004 2506 perfert
1019 2423 1193 2488 certamina
1206 2423 1321 2508 poenis.

528 2529 631 2601 Quem
647 2538 738 2609 pater
751 2525 794 2588 ad
809 2525 965 2603 scholam,
980 2545 1054 2589 cum
1070 2525 1174 2607 primo
1189 2524 1338 2606 glisceret
1352 2546 1430 2602 mro,

527 2626 686 2705 Tradidit,
700 2636 737 2689 ut
751 2626 848 2690 tomis
863 2624 1034 2690 dialectica
1048 2624 1200 2706 dogmata
1216 2646 1329 2701 rerum,

527 2730 574 2793 Et
587 2730 684 2794 simul
698 2730 873 2794 rhetoricas
886 2729 1049 2792 biblorum
1065 2727 1202 2792 disceret
1218 2740 1311 2792 artes.

528 2832 612 2895 Mox
626 2831 723 2911 igitur
731 2830 861 2915 juvenis
876 2842 1016 2893 veterum
1033 2828 1227 2895 documenta
1241 2830 1406 2902 libmrum,

530 2932 685 3004 Quamvis
699 2932 734 2994 in
749 2942 859 2995 tenero
873 2932 1009 3015 pulcher
1023 2932 1215 3014 pubesceret
1230 2951 1310 3008 aero,

527 3031 680 3117 Limpida
696 3032 875 3116 discipulus
890 3032 1021 3115 scripsit
1035 3031 1248 3096 scholasticus
1263 3043 1346 3109 astu,

530 3135 677 3217 Cumque
691 3144 782 3218 pater
796 3134 938 3198 sobolem
955 3134 1093 3197 vetulam
1108 3132 1240 3196 vidisset
1254 3132 1407 3210 adultam,

528 3234 651 3299 Nititur
665 3232 839 3298 indocilem
855 3234 950 3298 claris
965 3234 1126 3298 natalibus
1142 3244 1244 3297 ortum

527 3337 671 3400 Flectere
686 3358 759 3401 cum
774 3337 935 3419 precibus,
949 3336 1163 3400 thalamorum
1179 3350 1214 3399 ut
1223 3337 1298 3422 jura
1313 3347 1472 3420 capessat,

528 3439 695 3512 Quatenus
710 3438 786 3502 iude
803 3438 882 3503 soret
895 3451 971 3522 post
985 3460 1174 3503 successura
1187 3450 1342 3523 nepotum

528 3541 714 3623 Progenies,
729 3541 840 3604 mallet
854 3540 883 3603 si
898 3539 998 3605 ditem
1014 3539 1130 3604 ducere
1146 3562 1313 3625 sponsum.

527 3644 670 3725 Flagitat
683 3642 832 3707 inducias
848 3656 971 3726 septem
988 3645 1118 3707 sufferre
1135 3643 1270 3719 dierum,

529 3747 696 3819 Quatenus
710 3746 774 3809 hoc
789 3746 894 3829 spatio
910 3746 1053 3828 pulsaret
1064 3766 1143 3809 voce
1158 3745 1352 3823 Tonantem,

527 3844 682 3909 Subnixis
697 3844 848 3929 precibus
862 3846 1006 3929 rogitans
1021 3847 1151 3909 oracula
1165 3845 1245 3923 divi,

528 3946 655 4011 Certius
670 3958 706 4010 ut
720 3947 824 4032 quiret
839 3947 959 4011 Christi
974 3970 1170 4031 cognoscere
1185 3960 1305 4013 nutum.

527 4050 677 4133 Denique
692 4061 852 4113 transacto
867 4052 1068 4115 venerandus
1084 4063 1226 4136 tempore
1244 4052 1367 4134 puber3

526 4152 628 4215 Lecto
644 4150 768 4235 sopitus
783 4171 856 4214 cum
872 4171 986 4214 somno
1002 4154 1144 4216 membra
1158 4152 1310 4216 dedisset.

528 4255 646 4317 Orama
661 4264 860 4338 pernoctem
876 4256 1028 4317 cernebat
1043 4255 1101 4317 rite
1117 4276 1302 4339 supernum,

528 4353 686 4418 Coelestes
700 4355 784 4419 sutus
799 4354 846 4418 sic
862 4355 941 4418 felix
957 4354 1087 4419 auribus
1103 4355 1227 4419 hausit:

525 4453 677 4519 Protinus
691 4477 708 4517 e
723 4464 822 4519 strato
836 4455 966 4519 festinat
980 4477 1107 4538 surgere
1122 4458 1225 4533 miles,

527 4558 578 4619 Ne
595 4566 718 4619 metues
729 4556 859 4639 juvenis
874 4558 978 4621 sortiri
994 4557 1067 4622 dote
1083 4556 1236 4641 puellam,
