3759 5425
476 782 540 839 sto
713 795 788 840 vrrs
805 795 982 839 sconsam
999 795 1131 840 reniero
1148 794 1308 839 sucrons.

472 944 593 1009 ibidem
615 944 657 1009 de
679 948 849 1010 Glastonia
870 945 1003 1031 qnidam
1026 946 1194 1027 religiosus
1212 947 1400 1019 monachus,
1417 944 1528 1028 lapide

472 1046 588 1126 inciso,
616 1046 780 1129 quoddam
809 1048 888 1111 feeit
916 1046 1108 1111 oratorium:
1143 1045 1230 1129 quod
1259 1066 1334 1109 cum
1364 1043 1407 1108 ad
1440 1045 1530 1108 illius

473 1146 628 1209 honorem
644 1146 787 1209 dedicari
802 1146 938 1221 faceret3
959 1167 1041 1209 anns
1063 1144 1223 1230 quaednm,
1237 1167 1310 1230 quae
1331 1146 1434 1210 multo
1450 1157 1532 1209 tem-

473 1266 550 1328 pore
565 1248 695 1331 proprio
708 1249 830 1312 lumine
852 1250 964 1311 orbata
986 1248 1098 1321 suerat,
1118 1247 1247 1311 luminis
1269 1248 1390 1331 recepit
1410 1248 1531 1323 risum,

472 1358 570 1430 atque
599 1360 637 1410 ut
658 1347 834 1431 juvencula
863 1349 965 1430 coepit
997 1347 1116 1409 ridere.
1161 1348 1212 1409 Eo
1242 1356 1351 1411 antem
1380 1358 1530 1429 tempore
1640 1350 1641 1353 ’

471 1447 614 1511 Sanctus
637 1448 801 1531 nginm,
816 1448 1038 1530 Vrgomiensis
1063 1448 1223 1511 Ecclesiae
1249 1448 1449 1531 Episcopus,
1481 1448 1530 1509 vir

472 1547 602 1630 quidem
621 1560 654 1615 et
674 1550 744 1633 ipse
767 1548 914 1612 doctrina
934 1558 968 1610 et
989 1568 1084 1630 opere
1107 1547 1363 1629 probatissimus,
1385 1550 1527 1611 Romam

471 1668 609 1729 pergens
629 1650 780 1712 orationis
803 1671 903 1712 cansa
925 1670 1000 1712 cum
1026 1648 1219 1731 compedum
1245 1648 1388 1726 vinculo,
1413 1647 1527 1710 divino

472 1748 520 1825 (ut
540 1748 588 1811 hs
609 1762 659 1812 est
679 1749 822 1825 crederet
844 1748 985 1811 monitus
1008 1749 1162 1833 alloquio,
1183 1747 1376 1811 Meidunum
1400 1748 1527 1811 Praesul

471 1848 570 1926 venit,
584 1861 620 1911 nt
637 1849 790 1914 defuncto
812 1849 963 1913 Pontifici
987 1848 1132 1911 debitum
1154 1848 1301 1913 redderet
1322 1852 1524 1937 obsequium.

470 1950 544 2020 Quo
570 1962 606 2013 ut
630 1949 763 2033 dignum
792 1949 894 2013 fuerat
922 1950 1090 2027 tumulato,
1118 1950 1179 2013 iter
1206 1950 1371 2032 inceptum
1400 1952 1527 2035 peregit

469 2050 612 2111 Antistes
627 2050 682 2111 ille
703 2050 942 2113 sanctissimus:
965 2050 1144 2134 Romaeque
1160 2048 1268 2111 divina
1289 2051 1402 2113 virtute
1418 2052 1524 2114 soluta

468 2147 528 2209 suit
539 2147 596 2210 illa
609 2158 794 2209 catenarum
815 2149 1057 2230 circumligatio,
1072 2151 1156 2213 siout
1169 2148 1205 2212 in
1220 2149 1290 2233 ejus
1305 2150 1388 2213 Vitae
1403 2151 1524 2231 legitur

469 2246 640 2310 volumine.
685 2247 751 2310 Iste
767 2267 853 2323 rero,
866 2248 956 2331 apud
970 2249 1079 2311 Deum
1094 2250 1238 2312 omnium
1253 2250 1473 2313 invocantium
1486 2272 1522 2313 se

468 2348 654 2428 advocatus,
676 2348 799 2413 coelesti
819 2349 854 2411 iu
880 2350 962 2412 solio
988 2350 1188 2426 sublimatus,
1208 2350 1358 2433 precibus
1382 2350 1522 2415 assiduis

469 2452 644 2539 supradicti
666 2454 730 2517 loci
751 2473 878 2535 gregem
899 2454 983 2534 regit
1005 2452 1066 2516 sibi
1089 2452 1202 2516 devote
1217 2452 1398 2529 subditum;
1419 2454 1521 2537 pluri·

468 2577 585 2640 meque
610 2576 668 2639 per
693 2575 766 2619 eum
795 2552 916 2617 ibidem
944 2566 1135 2637 praestantur
1163 2554 1333 2631 beneficia,
1360 2554 1404 2617 ad
1431 2554 1521 2619 illius

469 2656 609 2735 laudem,
623 2654 677 2720 cui
700 2667 750 2718 est
764 2654 865 2717 honor
886 2664 920 2717 et
934 2654 1038 2735 gloria
1051 2674 1109 2737 per
1129 2654 1257 2720 infinita
1278 2656 1397 2721 secuta
1418 2676 1521 2721 saecu·

468 2758 581 2821 lorum.
625 2758 738 2820 Amen.

511 2859 590 2923 cm.
606 2859 665 2921 lV.
689 2859 813 2938 Corpus
836 2860 871 2920 S.
896 2856 1061 2919 Aldltelmt'
1080 2857 1252 2933 elevatum,
1266 2865 1297 2918 et
1319 2879 1342 2918 a
1365 2857 1399 2919 S.
1423 2859 1519 2921 Dun-

465 2967 560 3022 rtono
579 2961 617 3021 in
637 2960 762 3020 tornulo
777 2957 906 3038 lapideo
925 2957 1129 3019 collocarem.
1171 2956 1359 3018 Persecutio
1374 2958 1521 3036 Dnrrr'eo,
1642 3009 1643 3020 ,

466 3059 638 3121 Miroeolo
645 3058 867 3139 factm-His
886 3058 983 3138 igitur
1003 3057 1062 3119 sub
1085 3057 1251 3132 brevitate,
1266 3056 1328 3120 etsi
1347 3057 1521 3138 ursticiter,

464 3178 529 3219 non
549 3166 656 3220 tumen
679 3159 800 3241 absque
820 3159 867 3221 rei
887 3159 1030 3235 veritate,
1054 3155 1095 3220 de
1116 3157 1179 3220 rita
1201 3157 1394 3222 sanctissimi
1418 3159 1521 3242 patris

466 3256 641 3331 Aldhelmi,
678 3257 793 3340 inclyti
830 3258 1031 3323 confessoris
1067 3269 1100 3320 et
1137 3255 1319 3320 Orthodoxi
1355 3258 1522 3339 Praesulis,

464 3359 642 3425 secundum
655 3361 757 3425 nostri
778 3361 933 3443 ingenioli
949 3359 1138 3444 parvitatem
1160 3360 1218 3422 rite
1233 3360 1444 3438 transcursis3
1476 3361 1519 3424 nd
1642 3373 1643 3376 ’

465 3486 507 3528 ea
528 3485 599 3547 quae
621 3485 679 3548 per
706 3485 780 3527 eum
802 3475 877 3545 post
897 3462 986 3525 illius
1015 3461 1138 3526 obitum
1161 3461 1322 3524 Dominus
1344 3460 1379 3523 in
1401 3458 1518 3524 eodem
1642 3485 1643 3508 1

466 3565 617 3630 coenobio
632 3564 845 3646 dignatusest
860 3564 985 3646 operari
1005 3562 1161 3627 miracula
1174 3563 1349 3626 veniamus.
1394 3563 1518 3626 Thmu-

464 3669 549 3731 latus
577 3667 737 3751 siquidem
760 3667 794 3728 in
816 3667 967 3731 Ecclesia
988 3666 1022 3730 S.
1046 3666 1218 3730 Michaelis
1239 3665 1447 3746 Archangeli,
1468 3665 1518 3728 illi
1642 3727 1643 3742 ,

464 3769 611 3833 ecclesiae
627 3789 723 3851 quam
738 3781 828 3851 pater
842 3767 1052 3832 fabricaverat
1066 3767 1228 3849 contigue,
1236 3765 1341 3850 jacuit
1355 3786 1458 3850 usque
1473 3765 1518 3830 ed

466 3882 594 3954 tempus
616 3868 731 3946 Edwii,
752 3869 856 3932 fratris
879 3868 1000 3950 Edgari
1031 3868 1144 3948 Regis,
1166 3866 1222 3951 qui
1252 3881 1325 3932 ante
1346 3866 1516 3948 Edgarum
1642 3937 1643 3940 Ἴ

464 3969 609 4032 infantiae
625 3989 692 4031 suae
708 3968 836 4049 ignavia
854 3989 912 4051 per
927 3967 1020 4032 deria
1040 3987 1178 4052 quasque
1197 3966 1365 4045 incedens,
1378 3967 1516 4030 nullius·
1642 4043 1643 4058 χ

466 4093 529 4158 que
543 4070 636 4156 probi
652 4070 709 4132 viri
724 4070 859 4134 consilio
874 4071 995 4149 fruens,
1005 4083 1038 4134 et
1054 4089 1186 4151 regnum
1202 4067 1391 4151 dissipando
1406 4066 1518 4132 divisit

463 4186 496 4241 et
532 4172 738 4238 ecelesiarum
777 4173 865 4236 bona
905 4173 1065 4237 intestinis
1099 4169 1307 4256 predonibus
1343 4169 1515 4234 distribuit
1642 4207 1643 4212 κ

463 4277 530 4340 Iste
567 4293 698 4357 quoque
737 4273 917 4336 coenobitas
962 4272 1128 4354 religiosos
1164 4271 1329 4356 utriusque
1366 4291 1464 4336 sexus
1498 4295 1518 4337 a

464 4376 646 4440 Dominicis
674 4373 814 4438 ovilibus
843 4374 1034 4457 segregavit,
1062 4383 1095 4437 et
1130 4373 1333 4438 lascivientes
1364 4373 1513 4457 gulaeque

460 4475 621 4547 illecebris
646 4473 831 4549 servientes,
853 4474 1123 4558 philargyriaeque
1147 4471 1307 4538 inhianter
1326 4474 1418 4538 lucra
1446 4495 1515 4538 sec-

458 4583 573 4643 tantes,
594 4592 659 4630 non
688 4591 792 4633 mores
822 4573 997 4634 canonicos
1028 4583 1062 4633 ut
1090 4569 1222 4634 decoret
1253 4571 1433 4662 diligentes,
1455 4573 1516 4637 sed
