3759 5425
682 713 726 758 ne
741 713 1101 760 muninusrruoruou.
1359 696 1419 756 llll

452 859 615 942 AEdifioet,
630 867 814 951 plantetque
829 879 1009 932 restaurans
1024 877 1153 950 sceptra
1166 866 1324 952 polorum.

453 959 622 1047 Conspicit
635 979 668 1031 et
683 968 828 1049 geminas
842 969 985 1033 vernanti
1000 969 1141 1034 culmine
1156 968 1263 1052 virgas

452 1060 532 1132 Quae
547 1065 677 1148 signant
690 1069 832 1153 speciem
847 1071 1041 1153 populorum
1056 1070 1134 1134 sorte
1150 1068 1306 1132 duorum:

453 1162 592 1229 Necnon
606 1179 640 1231 et
653 1167 788 1232 totidem
803 1170 918 1233 corbes
931 1190 975 1233 ex
988 1170 1101 1235 ordine
1115 1171 1234 1234 cernit:

453 1265 519 1331 Sed
533 1277 640 1333 tamen
655 1271 857 1355 aequiparans
871 1271 1090 1358 interpretatio
1105 1275 1218 1356 plebes

451 1367 616 1435 Protendit
629 1373 774 1454 geminas
788 1394 845 1457 per
860 1373 1067 1438 Sacramenta
1082 1385 1231 1439 vetustas.

452 1469 650 1553 Scriptorum
666 1485 807 1539 veterum
821 1475 947 1559 liquido
963 1488 1173 1541 monumenta
1186 1485 1351 1555 testantur,

450 1570 547 1643 Quod
562 1574 678 1639 Daniel
694 1597 822 1661 semper
835 1578 925 1660 virgo
940 1578 1122 1643 floresceret
1136 1579 1251 1657 almus,

451 1671 515 1744 Qui
528 1676 624 1740 nobis
637 1698 785 1742 normam
796 1680 936 1743 Sacratae
952 1679 1143 1761 virginitatis

452 1773 584 1854 Imbuit,
598 1787 631 1841 et
644 1779 812 1862 speculum
827 1779 900 1842 vitu
915 1780 1102 1844 monstravit
1116 1779 1262 1844 alumnis.

453 1873 580 1942 Certiae
594 1877 716 1944 idcirco
732 1881 915 1966 promulgat
927 1891 1074 1966 tempora
1088 1881 1210 1947 Christi

451 1977 611 2043 Omnibus
625 1981 767 2066 antiquie
777 2003 922 2066 praesaga
935 2003 1014 2046 voce
1029 1981 1206 2066 prophetis,

451 2080 616 2146 Annorum
630 2105 779 2148 numeros
794 2085 976 2168 explanans
990 2083 1102 2148 ordine
1117 2093 1217 2160 recto,

452 2183 589 2250 Nuntiat
601 2185 635 2247 in
650 2185 772 2249 mundo
786 2187 887 2250 nostri
901 2185 1063 2250 cunabula
1076 2184 1172 2266 regis,

451 2284 536 2348 Nem
552 2285 794 2370 quadringentis
807 2307 965 2352 annorum
981 2287 1138 2364 cursibus,
1153 2296 1250 2370 atque

452 2381 510 2451 Bis
524 2409 639 2453 novem
655 2390 799 2454 scribens
813 2399 954 2454 actuum
969 2391 1069 2454 lustra
1084 2388 1193 2467 luisse,

451 2490 566 2554 Donec
582 2491 724 2575 prodiret
739 2492 886 2556 Christus
900 2500 1048 2574 regnator
1060 2491 1095 2554 in
1111 2490 1230 2554 orbem.

450 2591 549 2656 Porro
564 2591 714 2656 disseruit
727 2614 825 2657 verax
839 2613 984 2657 sermone
999 2593 1124 2657 futura:

450 2692 596 2765 Quatuor
608 2693 643 2756 in
656 2694 779 2760 mundo
794 2716 965 2776 regnorum
977 2712 1106 2773 surgere
1121 2700 1258 2773 sceptra,

450 2795 496 2857 Ut
509 2796 599 2878 prius
614 2795 648 2857 in
663 2807 761 2859 strato
776 2796 975 2859 truculentus
990 2792 1139 2875 imaginis
1153 2794 1227 2856 altre

451 2896 594 2963 Diversis
607 2897 691 2962 vidit
699 2898 768 2983 jam
784 2899 956 2983 praesagire
970 2896 1117 2962 metallis.

451 2998 601 3084 Denique
616 3000 768 3065 frondoso
782 3012 931 3084 regnator
944 3001 1052 3086 stipite
1067 3000 1164 3065 robur

451 3100 589 3184 imperio
604 3100 702 3164 fretus
716 3098 797 3163 vidit
812 3099 853 3164 de
867 3100 990 3185 cespite
1006 3120 1167 3181 crescens,

450 3200 552 3285 Cujus
566 3201 743 3282 tangebant
756 3202 915 3285 precelsa
928 3202 1099 3267 eacumina
1109 3201 1249 3277 nimbos,

448 3302 493 3365 Et
506 3304 567 3367 sub
582 3322 649 3387 qna
662 3304 827 3367 volucrum
841 3314 965 3382 turne,
979 3312 1012 3367 et
1027 3326 1128 3386 genus
1143 3324 1238 3368 omne
1253 3304 1398 3384 serarum,

449 3406 570 3469 Dulcis
584 3402 625 3469 de
636 3403 734 3468 remis
749 3414 887 3488 carpunt
901 3405 1053 3470 elimenta
1067 3405 1225 3480 ciborum,

446 3506 566 3568 Arbore
581 3502 640 3568 sed
654 3523 788 3587 procera
802 3503 961 3585 signatum
972 3501 1046 3587 jure
1060 3513 1238 3586 tyranuum.

446 3606 530 3669 Mox
543 3604 705 3668 intellexit
718 3622 864 3687 praesago
878 3612 1008 3684 pectore
1024 3611 1124 3673 vates,

448 3708 550 3791 Cujus
565 3707 708 3771 coelestis
723 3704 872 3770 contrivit
886 3713 1013 3787 sceptra
1027 3714 1181 3785 potestas,

447 3809 610 3893 Tempora
623 3816 807 3891 torquerent
822 3805 925 3869 do‘nec
940 3812 1075 3887 septena
1088 3803 1273 3886 superbum,

448 3910 495 3973 Ut
508 3909 621 3973 merito
635 3908 762 3992 lugiens
776 3906 920 3970 dumosis
934 3904 1069 3969 saltibus
1083 3914 1172 3969 erret.

447 4012 492 4075 Et
505 4010 581 4076 dum
597 4009 747 4095 despexit
759 4010 904 4073 terrentis
919 4008 1019 4089 flagra
1033 4007 1183 4086 tonantis,

446 4112 621 4199 Squalidus
631 4113 774 4177 hirsutus
788 4122 913 4196 peteret
925 4119 1062 4193 myrteta
1075 4111 1235 4193 luporum,

447 4214 688 4298 Quadripedum
705 4214 813 4278 socius
826 4211 926 4275 factus
941 4211 1011 4275 sine
1028 4221 1134 4275 mente
1149 4221 1312 4296 tyrenum.

487 4318 552 4382 Hic
569 4338 699 4402 quoque
715 4316 875 4381 destruxit
889 4314 978 4378 Belis
993 4313 1126 4378 delubra
1139 4313 1281 4394 nefandi,

450 4420 650 4484 Fluminibus
665 4419 822 4483 scelerum
838 4415 950 4481 mortis
965 4414 1152 4482 discrimina
1166 4417 1282 4500 passis,

449 4524 554 4605 Atque
570 4520 756 4587 sacerdotes
769 4521 891 4605 populo
906 4522 968 4584 sub
983 4518 1094 4583 bande
1109 4520 1228 4585 sacelli.

875 4641 895 4685 r.
