3759 5425
455 698 521 759 sto
730 708 1133 769 nmsmmanacrncrnu,
1150 710 1223 756 nro.

792 862 846 926 De
860 862 1006 945 lrlps'trs‘to
1019 862 1168 925 mado.

501 966 543 1029 D.
566 966 677 1030 Pom
691 964 881 1044 orationum,
895 987 968 1050 qnae
983 965 1102 1048 epitriti
1116 962 1252 1028 secundi
1266 960 1435 1026 structuris
1449 962 1505 1023 rite

455 1065 690 1142 obsecundent,
715 1066 840 1149 absque
862 1064 1202 1149 comperendinatione
1221 1060 1503 1127 subdantur-ll.

457 1168 630 1245 Vinitores,
643 1165 832 1251 proditores,
846 1165 1019 1242 debitores,
1034 1165 1219 1246 creditores,
1233 1164 1415 1243 traditores,
1429 1185 1505 1227 con-
1642 1154 1643 1183 ³

457 1268 587 1345 ditores,
602 1266 792 1346 venditores,
807 1267 987 1351 portitores,
1000 1268 1165 1346 limitores,
1179 1266 1367 1343 funditores,
1380 1266 1445 1329 boc
1457 1274 1507 1328 est
1631 1293 1643 1323 u

457 1370 514 1455 qui
529 1367 768 1433 fundibulorum
782 1369 1036 1433 excitationibus
1051 1370 1194 1435 duellum
1209 1368 1422 1433 committunt.
1456 1368 1508 1431 Ita
1633 1362 1643 1432 ι’

456 1473 637 1548 wculares,
661 1471 855 1555 corporales,
880 1472 1067 1549 numerales,
1088 1471 1278 1545 cardinales,
1302 1468 1508 1551 temporales,
1640 1500 1641 1509 ι

456 1572 633 1649 criminosi,
661 1572 824 1648 calctdosi,
848 1572 1030 1657 ponderosi,
1060 1572 1205 1651 ulcerosi,
1234 1570 1409 1647 cancerosi,
1438 1570 1507 1633 vul-

456 1675 550 1740 tnosi.
609 1675 693 1739 Item
732 1673 899 1740 imminina
937 1674 1119 1759 dignitates,
1160 1674 1341 1757 qualitates,
1378 1670 1506 1755 quanti-

456 1787 550 1853 tates,
565 1776 737 1855 vastitates,
751 1777 918 1857 vanitates,
932 1778 1101 1854 almitates,
1117 1777 1278 1854 sanitates,
1292 1773 1506 1845 summitates,

454 1878 628 1957 caecitates,
642 1877 825 1944 densitates.
870 1880 926 1944 Sic
948 1888 982 1944 et
997 1888 1113 1945 cetera
1133 1900 1206 1963 qum
1222 1878 1256 1941 in
1278 1875 1431 1958 singulari
1445 1894 1507 1937 nu·
1642 1950 1643 1961 χ

456 2001 544 2045 mero
558 1980 592 2042 in
607 1980 826 2064 amphimacro
846 1981 1073 2060 coartavimus,
1086 1982 1120 2044 in
1142 1978 1259 2063 plurali
1280 1978 1356 2041 huic
1377 1974 1506 2059 epitrito

455 2082 674 2147 adnectentur.
704 2082 812 2146 Verba
826 2103 955 2167 quoque
969 2083 1081 2167 primm
1090 2079 1327 2167 conjugationis
1342 2078 1445 2143 activa
1454 2076 1504 2139 vel

454 2183 624 2262 neutralia,
645 2204 718 2267 quas
743 2186 846 2268 prima
866 2206 1005 2269 persona
1030 2184 1193 2270 dactylum
1217 2183 1367 2267 gignunt,
1389 2180 1503 2245 eadem

455 2298 598 2371 tempore
613 2287 718 2350 loturo
731 2286 784 2351 bis
797 2287 915 2369 regulis
935 2286 1160 2353 adsciscuntur
1173 2286 1207 2350 in
1228 2283 1345 2370 plurali
1358 2302 1505 2359 numero,

372 2422 377 2433 ·
454 2399 492 2453 nt
504 2386 637 2451 verbero
650 2386 873 2465 verberabunt,
888 2386 1022 2470 pignero
1036 2386 1258 2471 pignerabunt,
1270 2387 1391 2449 soenero
1405 2385 1504 2447 foene-

454 2488 581 2566 rabunt,
605 2486 704 2551 exulo
730 2486 921 2564 exulabunt,
941 2486 1041 2569 expio
1067 2486 1257 2569 expiabunt,
1277 2486 1374 2570 irrigo
1395 2485 1503 2568 irriga·

454 2592 547 2669 bnnt,
561 2588 700 2673 reprobo
713 2588 943 2673 reprobabunt,
956 2589 1079 2654 fascino
1094 2588 1313 2667 fascinabunt3
1342 2600 1395 2653 ut:

593 2686 652 2758 quis
662 2688 767 2742 meres
778 2685 844 2740 mibi
855 2682 967 2741 fiscinet
978 2703 1064 2756 agros.

452 2784 510 2851 sie
539 2795 572 2849 et
600 2783 725 2848 certeris
748 2783 1043 2869 conjugationibus.
1087 2785 1153 2850 Sed
1177 2797 1320 2872 tempore
1346 2788 1503 2872 preterito

453 2886 605 2970 perfecto,
619 2886 648 2950 si
663 2885 815 2950 secundas
826 2884 1063 2970 conjugationis
1077 2887 1205 2968 fuerint,
1216 2899 1253 2954 ut
1262 2890 1369 2975 palleo
1380 2890 1501 2974 pallue-

453 2998 538 3065 runt,
553 3008 671 3052 censso
693 2998 898 3067 censuerunt,
912 3009 1015 3053 caneo
1035 3001 1224 3071 canuerunt,
1238 3002 1352 3074 torpeo
1373 3002 1502 3077 torpue-

453 3096 539 3166 runt,
561 3089 763 3167 horruerunt,
791 3097 981 3167 terrueruut,
1006 3091 1192 3172 tinnierunt,
1216 3105 1396 3174 mouerunt,
1421 3115 1502 3158 mar·

451 3200 597 3267 suerunt,
618 3191 819 3273 languerunt
862 3190 1009 3263 Quodsi
1031 3192 1233 3277 subjunctivo
1257 3195 1353 3259 modo
1381 3194 1504 3260 dixeris

452 3290 647 3370 censuerint,
661 3291 844 3375 palluerint,
857 3292 1038 3371 canuerint,
1051 3294 1162 3378 procul
1177 3293 1277 3359 dnbio
1294 3315 1359 3360 non
1375 3296 1504 3381 epitrito

452 3391 511 3457 sed
534 3390 719 3457 choriambo
733 3393 934 3477 copulantur.
980 3395 1010 3456 A
1032 3394 1125 3459 tertia
1145 3405 1251 3460 autem
1274 3395 1503 3481 conjugatione

452 3504 516 3560 tam
539 3493 696 3578 praeterito
717 3493 860 3577 perfecto
882 3513 980 3577 quam
1001 3494 1188 3580 imperfecto
1214 3499 1365 3582 exempla
1390 3501 1503 3564 suffra·

452 3607 577 3680 gantur,
598 3595 810 3660 ut'eruebant
830 3607 990 3678 eruerunt,
1012 3596 1179 3662 diluebant
1199 3599 1373 3678 diluerunt,
1387 3602 1503 3664 obme-

451 3695 532 3757 bant
545 3693 731 3769 obmcrunt,
746 3691 918 3756 diruebant
932 3693 1109 3775 diruerunt,
1124 3695 1309 3764 adferebant
1318 3702 1504 3780 attulerunt,

452 3793 660 3858 conterebant
685 3794 900 3858 contulerunt.
945 3795 1119 3881 Participia
1144 3819 1274 3885 quoque
1298 3803 1391 3866 trium
1422 3813 1501 3867 tem·

451 3915 564 3981 porum
587 3895 628 3958 ab
652 3894 766 3959 activis
788 3894 945 3959 duntaxat
966 3907 998 3960 et
1019 3901 1244 3966 communibus
1263 3902 1420 3968 venientia
1434 3925 1499 3967 non

454 3997 650 4081 discrepant,
664 4006 701 4061 ut
714 3996 857 4061 dedicati
878 3997 1061 4080 dedicandi,
1079 4003 1264 4085 strangulati
1281 4006 1500 4090 strangulandi

451 4098 696 4182 strangulantes,
724 4096 877 4182 pastinati
905 4101 1091 4185 pastinandi
1120 4104 1329 4188 pastinantes,
1364 4108 1499 4173 osculati

450 4197 620 4264 osculandi
635 4199 826 4262 osculantes.
871 4200 924 4263 lta
936 4221 958 4264 n
978 4203 1072 4267 tertia
1089 4205 1139 4268 vel
1155 4221 1267 4289 quarm
1280 4208 1404 4291 absque
1418 4231 1499 4294 proe·

452 4301 556 4378 terito,
566 4311 603 4361 ut
616 4309 818 4363 conterentes
833 4302 1034 4379 conterendi,
1046 4304 1222 4370 inserentes
1233 4307 1405 4385 inserendi,
1417 4309 1498 4374 dilu-

450 4408 543 4462 entes
558 4397 713 4462 dilnendi.
758 4398 845 4464 Arsis
867 4423 941 4464 vero
957 4413 989 4466 et
1011 4403 1110 4468 tbesis
1125 4407 1243 4490 epitriti
1265 4408 1400 4472 secundi
1423 4423 1499 4477 tem·

451 4520 530 4582 pora
545 4498 632 4559 baud
647 4519 741 4560 secus
756 4499 903 4565 dirimere
918 4517 1096 4569 noscuntur
1110 4527 1206 4588 quarn
1221 4509 1324 4590 primi.
