3759 5425
461 795 525 853 364
685 806 763 853 vrrs
777 806 956 852 munstur
973 806 1105 853 ranrcro
1120 806 1283 855 aucroaa.

460 960 563 1043 plagae
579 970 691 1024 sancta
711 960 873 1043 synodus,
887 958 1100 1025 venerabilem
1120 958 1326 1023 Aldhelmum
1343 960 1514 1033 Abbatem,

461 1072 494 1123 et
515 1060 621 1125 adhue
645 1071 767 1126 tautum
789 1065 1021 1145 presbyterum,
1043 1060 1197 1138 (nondum
1220 1060 1303 1125 enim
1327 1070 1460 1124 sanctus
1482 1074 1515 1123 et

462 1162 528 1225 vita
560 1175 593 1227 et
626 1164 768 1227 moribus
797 1162 830 1225 in
863 1164 976 1227 ordine
1006 1165 1187 1247 ponebatur
1214 1162 1422 1240 Pontificum)
1455 1182 1514 1244 pro

462 1265 639 1329 sanctitatis
653 1287 719 1329 suae
733 1266 909 1331 reverentia
928 1266 1063 1347 rogavit,
1078 1265 1194 1328 librum
1215 1286 1408 1348 componere
1425 1284 1515 1344 egre·

462 1366 561 1448 giuna
584 1388 650 1450 quo
676 1366 826 1447 maligna,
849 1388 921 1450 quae
945 1378 1021 1430 tunc
1045 1388 1142 1450 supra
1168 1365 1298 1427 modum
1323 1364 1515 1448 pullulabat,

462 1466 594 1531 haeresis
622 1468 790 1530 Britonum
820 1468 1044 1532 destrueretur.
1090 1470 1194 1538 Quem
1217 1468 1365 1544 Sanetus
1388 1478 1424 1529 ut
1449 1476 1517 1527 erat

465 1588 611 1632 sermone
619 1567 751 1644 nitidus,
763 1570 921 1651 sapientia
931 1570 1076 1645 refertus,
1086 1580 1118 1631 et
1129 1570 1296 1632 sanctitate
1308 1567 1517 1649 conspicuus,

465 1670 661 1750 argumentis
692 1671 819 1753 plenus,
848 1683 880 1733 et
914 1670 1110 1754 syllogismis
1136 1670 1299 1754 praeditus‚
1328 1669 1518 1731 liberalibus

465 1768 597 1853 insuper
611 1770 774 1854 scripturis
789 1781 822 1833 et
835 1772 1063 1835 ecelesiasticis
1086 1770 1253 1834 sententiis
1274 1768 1518 1845 eruditissimus,

466 1882 501 1933 et
513 1881 549 1934 ut
564 1870 656 1934 Beda
670 1886 775 1935 nanat
788 1873 822 1935 in
839 1873 988 1935 omnihus
1007 1871 1288 1956 prudentissimus,
1300 1870 1516 1933 israelitarum

466 1973 607 2054 repletus
621 1971 887 2051 institutionibus,
898 1974 1200 2057 AEgyptiorumque,
1212 1971 1252 2035 de
1268 1972 1329 2033 hoe
1343 1970 1454 2035 multis
1469 1970 1517 2032 in·

468 2073 671 2134 tentionibus
686 2084 719 2134 et
733 2087 913 2137 sanctorum
929 2074 1058 2137 Patrum
1075 2074 1266 2137 authenticis
1281 2071 1520 2147 traditionibus,

468 2172 526 2235 sed
554 2183 587 2234 et
609 2172 747 2235 carmine
769 2174 948 2238 Pachomio
970 2177 1088 2239 Abbati
1115 2176 1156 2238 ab
1186 2174 1308 2257 angelis
1337 2172 1465 2251 tradito,
1488 2185 1521 2237 et

470 2273 605 2336 aliorum
633 2274 850 2356 religiosorum
881 2277 1030 2358 dogmate
1062 2278 1138 2341 satis
1173 2290 1294 2361 apertu,
1324 2276 1521 2361 supradictis

469 2376 629 2440 haereticis
644 2378 830 2457 transmisit,
844 2401 902 2463 per
916 2380 1072 2463 quosdam
1089 2379 1282 2444 domesticos
1298 2376 1375 2441 fidei
1392 2390 1425 2441 et
1443 2378 1521 2440 satis

470 2477 511 2543 ad
533 2480 596 2543 hoe
618 2477 731 2543 fideles
756 2482 927 2546 ministros.
976 2484 1050 2565 lpse
1074 2503 1146 2544 vero
1171 2482 1258 2543 solus
1281 2481 1315 2543 in
1342 2479 1520 2543 afflictione

468 2580 593 2664 positus
607 2582 718 2644 orabat
732 2582 858 2646 assidue
873 2594 909 2645 ut
923 2584 1014 2646 Deus
1030 2586 1069 2647 ab
1086 2592 1182 2647 tanta)
1197 2582 1356 2645 haereseos
1371 2580 1521 2663 implica·

472 2683 559 2747 tione
573 2683 689 2748 mentis
703 2684 776 2748 illos
792 2684 977 2766 dignaretur
987 2684 1126 2768 eripere:
1151 2684 1262 2767 sicque
1278 2682 1320 2746 ad
1336 2682 1523 2746 Dominicae

471 2809 554 2852 verae
569 2788 645 2852 fidei
661 2790 814 2870 regulam,
828 2800 862 2854 et
875 2790 965 2873 ipsos
980 2790 1147 2867 Proesules,
1156 2801 1188 2852 et
1198 2789 1398 2851 innumeram
1409 2789 1524 2872 populi

472 2889 633 2953 revocavit
667 2890 912 2955 multitudinem.
973 2891 1046 2962 Qua
1074 2891 1107 2952 in
1138 2912 1171 2954 re
1200 2890 1428 2973 omnipotentis
1459 2889 1525 2952 Dei

473 3013 623 3072 magnam
653 3013 827 3074 possumus
862 2991 1063 3055 considerare
1097 2992 1226 3074 pietatis
1260 2991 1526 3069 misericordiam,

474 3114 546 3175 quae
569 3093 615 3155 sie
638 3093 776 3156 Sanctos
798 3113 884 3172 suos,
906 3093 973 3170 ubi,
996 3103 1028 3157 et
1051 3092 1181 3176 quaudo
1203 3105 1236 3156 et
1258 3091 1422 3176 quomodo
1445 3094 1527 3172 vult,

473 3193 568 3276 plene
577 3190 745 3277 justificat,
761 3205 796 3257 ut
817 3215 876 3276 per
896 3215 964 3269 eos,
988 3195 1082 3257 etiam
1106 3195 1255 3257 absentes
1277 3215 1421 3278 corpore,
1436 3205 1528 3258 tanta

474 3307 622 3377 operetur
643 3293 795 3356 virtutum
814 3295 962 3376 insignia.
1009 3295 1073 3357 Iste
1097 3294 1183 3357 enim
1206 3295 1344 3358 Sanctus
1365 3295 1427 3357 iter
1446 3295 1527 3358 illuc

475 3393 611 3481 pedibus
634 3394 881 3481 haudquaquam
911 3397 1040 3473 fecerat,
1062 3395 1118 3460 sed
1149 3397 1276 3478 egregio
1305 3396 1527 3461 enchiridione

476 3498 627 3575 monitos,
643 3497 819 3582 sedulaque
833 3498 977 3561 oratione
993 3498 1185 3576 sublevatos
1200 3497 1242 3562 ad
1255 3497 1393 3560 veritatis
1405 3497 1527 3562 redux-

477 3612 543 3666 erat
555 3602 650 3664 viam.
696 3601 885 3664 imitabatur
898 3600 960 3664 iste
975 3601 1135 3675 nimirum,
1152 3601 1252 3684 gratia
1267 3601 1329 3664 Dei
1351 3603 1479 3685 plenus,
1494 3614 1528 3664 et

476 3705 509 3767 in
531 3705 594 3767 hoc
620 3704 705 3766 facto
727 3704 930 3786 Apostolum,
952 3704 1009 3786 qui
1033 3703 1218 3766 Corinthios
1240 3713 1272 3766 et
1294 3703 1438 3781 Galatas,
1461 3703 1526 3766 Co-

475 3806 634 3868 lossenses
645 3804 740 3868 etiarn
757 3806 1095 3889 aPseudo·Apostolis
1105 3816 1283 3888 praeventos
1295 3803 1336 3867 ad
1353 3827 1433 3868 rerae
1449 3804 1528 3868 fidei

478 3917 593 3969 statum
609 3928 667 3990 per
680 3907 845 3988 Epistolas
859 3919 999 3984 revocat,
1015 3910 1187 3989 Apostolus
1200 3906 1359 3991 siquidem
1372 3919 1405 3970 et
1414 3907 1449 3970 in
1461 3907 1525 3970 hoe

477 4006 606 4088 negotio
622 4007 716 4069 Pater
737 4007 926 4071 Aldhelmus
949 4007 1071 4071 extitit:
1102 4009 1189 4092 quia,
1208 4009 1292 4072 sicut
1313 4006 1427 4072 Petrus
1449 4029 1525 4072 cnm

478 4109 611 4186 caeteris,
626 4118 738 4171 saneto
754 4108 873 4192 Spiritu
894 4120 1056 4186 monente,
1070 4109 1207 4172 Paulum
1228 4121 1259 4172 et
1282 4109 1463 4172 Barnabam
1484 4107 1526 4172 ad

479 4211 544 4274 Dei
567 4229 648 4294 opus
674 4212 870 4291 segregavit3
903 4211 947 4274 ita
969 4221 1080 4274 sancta
1102 4211 1254 4294 Synodus
1276 4211 1318 4274 ad
1342 4210 1527 4294 supradicta

478 4313 610 4395 negotia
623 4311 709 4373 hune
724 4311 871 4392 eligendo
886 4313 1036 4376 admovit.

523 4412 657 4496 Scripsit
670 4432 745 4492 ergo
760 4413 955 4494 AEnigmata‚
970 4429 1003 4476 et
1014 4414 1065 4476 De
1082 4414 1177 4477 laude
1190 4415 1345 4497 virginum
1363 4415 1525 4496 geminato

479 4531 586 4589 opere,
607 4529 702 4590 prosa
723 4511 848 4574 seilicet
870 4525 901 4575 et
923 4513 1073 4590 carmine,
1094 4514 1209 4577 libmm
1230 4514 1394 4578 eximium.
1441 4515 1527 4580 Con·

481 4606 584 4666 texuit
593 4627 666 4666 vero
675 4609 891 4687 septilormem
900 4613 1057 4686 libellum,
1069 4615 1143 4675 novi
1156 4636 1193 4677 ac
1204 4615 1318 4677 vetoris
1328 4615 1528 4680 Testamenti
