3759 5425
797 737 840 782 DE
856 734 1022 782 tenemus
1037 733 1218 779 truttmunt.

556 891 608 955 Ad
624 911 739 975 supera
754 889 913 955 scandens
929 889 1084 953 coelomm
1099 886 1241 951 culmina
1255 886 1375 961 cultor;

555 992 657 1076 Cujus
674 993 862 1076 praeclarum
877 991 1024 1076 pandens
1039 992 1080 1055 ab
1095 991 1221 1071 origine
1234 988 1331 1052 vitam

559 1094 745 1175 Graegorius
759 1095 877 1178 praesul
892 1092 1014 1156 chartis
1027 1091 1241 1174 descripserat
1254 1089 1342 1166 olim,

554 1195 671 1260 Donec
687 1195 848 1260 aethralem
864 1194 943 1258 felix
960 1194 1110 1275 migraret
1123 1193 1158 1255 iu
1172 1212 1290 1256 arcem.

558 1297 667 1381 Hujus
681 1299 883 1362 alumnorum
897 1317 1032 1360 numero
1047 1297 1262 1378 glomeramus
1275 1301 1420 1367 orantes,

554 1397 645 1469 Quos
660 1396 741 1479 gerit
755 1397 789 1459 in
804 1396 925 1478 gremio
940 1393 1093 1460 soecunda
1107 1393 1278 1458 Britannia
1291 1393 1390 1471 cirea,

556 1499 586 1561 A
601 1519 666 1582 quo
675 1497 745 1582 jam
760 1497 855 1560 nobis
869 1497 1023 1581 baptismi
1039 1497 1140 1576 galia
1153 1495 1260 1570 fluxit,

556 1602 661 1686 Atque
676 1599 897 1682 magistrorum
913 1597 1096 1664 veneranda
1109 1610 1237 1662 caterva
1250 1597 1399 1662 cucurrit

599 1701 686 1775 Quid
701 1722 874 1765 memorem
888 1703 1035 1788 geminos
1050 1720 1201 1784 germano
1215 1699 1335 1764 foedere
1349 1706 1445 1778 atres,

555 1804 743 1869 Reddentes
757 1804 880 1868 animas
895 1805 1000 1883 astris,
1014 1815 1047 1868 et
1060 1823 1195 1888 corpora
1208 1802 1310 1868 terris.

555 1908 719 1990 Purpureo
734 1927 864 1992 passum
879 1917 1068 1971 venerantes
1083 1905 1241 1987 sanguiue
1257 1904 1434 1981 Christum,

554 2008 714 2091 Martyres
730 2007 837 2073 effecti
852 2010 1028 2072 rubuerunt
1040 2026 1135 2071 carne
1151 2015 1298 2071 cruenta:

554 2109 681 2194 Quique
696 2110 799 2174 vicem
810 2109 952 2173 reddunt
963 2110 1161 2187 Domino‚ut
1176 2106 1346 2171 Peelmista
1359 2105 1514 2170 canebat:

554 2211 643 2274 Ecce
660 2213 828 2275 salutarem
845 2211 979 2276 calicem
994 2233 1053 2296 per
1067 2213 1187 2296 pocula
1199 2210 1311 2274 mortis

554 2311 731 2398 Accipiunt
745 2315 863 2398 pariter
876 2324 1048 2398 pergentes
1061 2312 1186 2378 tramite
1197 2311 1335 2376 Christis

554 2414 645 2486 Quos
660 2413 756 2478 simul
769 2414 893 2480 invenit
907 2423 1037 2479 sanctus
1051 2423 1247 2478 monstrante
1259 2415 1355 2478 beato

555 2513 742 2578 Ambrosius
756 2513 857 2579 Paulo
871 2514 1038 2598 pulsantes
1053 2535 1148 2578 carne
1163 2515 1300 2599 sepulta,

555 2616 663 2680 Saxes
676 2615 837 2700 quadratis
852 2637 933 2701 quos
948 2614 1060 2679 condit
1073 2617 1220 2679 tumbula
1233 2615 1337 2679 fossis.

556 2719 630 2782 Hos
644 2720 699 2804 pia
713 2719 877 2802 virginitas
892 2720 1042 2785 comebat
1055 2720 1132 2783 flore
1147 2740 1287 2803 superno

553 2818 719 2903 Angelicis
731 2840 858 2904 semper
872 2840 945 2904 quae
960 2828 1088 2884 constat
1101 2838 1177 2884 cara
1190 2820 1344 2897 catervis3

555 2923 650 2985 Unus
664 2921 848 2999 Gervasius,
863 2942 923 2984 nec
939 2940 1006 2984 nou
1021 2921 1186 2985 Protasius
1201 2921 1289 3001 alter,

553 3022 695 3106 Imperio
709 3032 849 3083 veterum
861 3022 973 3085 sortita
985 3021 1144 3086 vocabula
1159 3032 1294 3104 gestant

597 3121 719 3186 Praesul
734 3132 802 3184 erat
816 3122 979 3205 quondam
996 3121 1167 3187 Narcissus
1181 3122 1261 3186 forte
1275 3133 1408 3187 vocatus

555 3224 715 3289 Virtutum
730 3221 852 3286 meritis
867 3222 1027 3303 redolens,
1041 3233 1078 3287 ut
1090 3224 1222 3288 nomine
1233 3224 1361 3302 florens,

554 3326 658 3399 Quem
675 3324 769 3387 simul
784 3324 917 3388 emebat
931 3325 1115 3408 pollescens
1129 3346 1261 3389 munere
1276 3323 1376 3409 duplo

554 3425 766 3491 Pontificatus
781 3444 866 3508 apex
881 3444 955 3488 euru
972 3424 1162 3507 virginitatis
1175 3426 1308 3504 honore,

554 3529 676 3595 Claruit
689 3526 812 3591 idcirco
828 3526 948 3590 celebri
963 3546 1087 3591 rumore
1103 3548 1159 3611 per
1173 3529 1294 3606 orbem,

554 3634 641 3697 Dum
658 3630 731 3694 vitae
746 3628 868 3693 meritis
882 3627 1012 3693 fulcitur
1026 3628 1145 3712 dogma
1158 3630 1307 3714 loquela.

554 3735 639 3798 Nam
655 3731 753 3795 sontis
767 3730 879 3795 latices
893 3730 966 3793 oleo
980 3730 1190 3814 pinguescere
1204 3732 1294 3810 feeit,

553 3836 599 3899 Et
612 3832 735 3918 liquida
749 3831 864 3895 crassis
878 3832 1012 3895 mutavit
1025 3832 1159 3897 flumina
1173 3834 1289 3916 guttis:

553 3936 707 4019 Denique
724 3932 800 3997 dum
817 3941 945 4015 tempus
959 3931 1047 3995 sestis
1062 3934 1270 4017 paschalibus
1282 3946 1394 4018 aptum

551 4040 669 4102 Annua
684 4032 886 4099 Christicolis
901 4044 1066 4097 renovaret
1080 4044 1154 4097 vota
1167 4054 1226 4117 per
1239 4035 1361 4112 orbem,

551 4136 647 4212 Quod
663 4136 745 4199 solet
759 4134 889 4197 uberius
905 4132 1025 4197 Christi
1040 4135 1202 4199 celebrare
1217 4136 1406 4220 triumphos,

551 4240 675 4305 Caetera
690 4256 785 4321 quam
802 4236 964 4299 celebrent
978 4235 1055 4298 anni
1071 4238 1226 4301 solemnia
1239 4238 1330 4313 festa,

550 4341 644 4404 Tunc
659 4340 765 4402 oleum
780 4337 815 4399 in
830 4356 932 4400 vacua
947 4334 1067 4401 defecit
1079 4338 1229 4422 lampade
1243 4338 1329 4416 vitri,

550 4442 595 4505 Et
608 4440 748 4522 lychnus
762 4439 888 4501 sumans
903 4437 1004 4501 furvis
1017 4436 1182 4523 obtorpuit
1194 4437 1326 4519 umbris,

550 4540 698 4603 Pendula
711 4558 786 4602 cnm
801 4539 890 4601 nulls
905 4538 1081 4602 flammaret
1094 4541 1169 4605 luce
1183 4543 1323 4606 lucerna.
